%% This BibTeX bibliography file was created using BibDesk.
%% https://bibdesk.sourceforge.io/

%% Created for Thibaut Astic at 2020-06-11 14:53:58 -0700 


%% Saved with string encoding Unicode (UTF-8) 


@incollection{doi:10.1002/9781118929063.ch9,
author = {Moorkamp, Max and Heincke, Bj√∂rn and Jegen, Marion and Hobbs, Richard W. and Roberts, Alan W.},
publisher = {American Geophysical Union (AGU)},
isbn = {9781118929063},
title = {Joint Inversion in Hydrocarbon Exploration},
booktitle = {Integrated Imaging of the Earth},
chapter = {9},
pages = {167-189},
doi = {10.1002/9781118929063.ch9},
url = {https://agupubs.onlinelibrary.wiley.com/doi/abs/10.1002/9781118929063.ch9},
eprint = {https://agupubs.onlinelibrary.wiley.com/doi/pdf/10.1002/9781118929063.ch9},
year = {2016},
keywords = {hydrocarbon exploration, joint inversion, sub basalt imaging, subsalt imaging},
abstract = {Summary This chapter investigates the particular challenges for joint inversion in the context of hydrocarbon exploration. It reviews the current literature and introduces interesting approaches that have been developed in the context of hydrocarbon exploration and could potentially be used in other application areas as well. Joint inversion methods incorporating petro physical models of the reservoir can directly yield quantities of interest such as porosity and permeability, but have to be carefully tuned to the area under investigation. The chapter presents two detailed joint inversion case studies, one for subsalt imaging and one for sub basalt imaging. It also covers emulation of the forward calculation, a concept that can be applied generally in joint inversion, but has only been applied in hydrocarbon exploration. For a successful joint inversion, it is necessary to invert each dataset, construct different coupling approaches, and evaluate the impact on the final results.}
}


@inproceedings{Bournas,
	Abstract = { In this paper, we propose a new exploration strategy for detecting pipe-like structures from airborne TDEM data. We first apply the Keating's pattern recognition technique to the EM resistive limit calculated from the early and mid-time decay channels and to the magnetic analytic signal for predicting conductive and magnetic pipes. The automated detection procedure yielded numerous solutions, whose number is downsized after a careful screening and fine-tuning of the obtained results. Further, the selected targets are classified into several categories according to their EM, magnetic and IP signatures. Finally, we perform 3D MVI and 1D EM inversions on selected targets to determine the size, the depth and the magnetic and electrical properties of these targets.Presentation Date: Wednesday, October 17, 2018Start Time: 1:50:00 PMLocation: 213B (Anaheim Convention Center)Presentation Type: Oral },
	Author = {Nasreddine Bournas and Alexander Prikhodko and Karl Kwan and Jean Legault and Vitallii Polianichko and Sergei Treshchev},
	Booktitle = {SEG Technical Program Expanded Abstracts 2018},
	Date-Added = {2020-06-11 14:53:01 -0700},
	Date-Modified = {2020-06-11 14:53:01 -0700},
	Doi = {10.1190/segam2018-2996206.1},
	Eprint = {https://library.seg.org/doi/pdf/10.1190/segam2018-2996206.1},
	Pages = {1853-1857},
	Title = {A new approach for kimberlite exploration using helicopter-borne TDEM data},
	Url = {https://library.seg.org/doi/abs/10.1190/segam2018-2996206.1},
	Year = {2018},
	Bdsk-Url-1 = {https://library.seg.org/doi/abs/10.1190/segam2018-2996206.1},
	Bdsk-Url-2 = {https://doi.org/10.1190/segam2018-2996206.1}}

@inproceedings{Schmidt,
	Author = {M. {Schmidt} and I. {Levner} and R. {Greiner} and A. {Murtha} and A. {Bistritz}},
	Booktitle = {Fourth International Conference on Machine Learning and Applications (ICMLA'05)},
	Date-Added = {2020-06-11 14:53:01 -0700},
	Date-Modified = {2020-06-11 14:53:01 -0700},
	Pages = {6 pp.-},
	Title = {Segmenting brain tumors using alignment-based features},
	Year = {2005}}

@book{HMM,
	Address = {Berlin, Heidelberg},
	Author = {Capp\'{e}, Olivier and Moulines, Eric and Ryden, Tobias},
	Date-Added = {2020-06-11 14:53:01 -0700},
	Date-Modified = {2020-06-11 14:53:01 -0700},
	Isbn = {0387402640},
	Publisher = {Springer-Verlag},
	Title = {{Inference in Hidden Markov Models}},
	Year = {2005}}

@article{Calcagno_GeologyModelling,
	Author = {P. Calcagno and J.P. Chil{\`e}s and G. Courrioux and A. Guillen},
	Date-Added = {2020-06-11 14:53:01 -0700},
	Date-Modified = {2020-06-11 14:53:01 -0700},
	Doi = {https://doi.org/10.1016/j.pepi.2008.06.013},
	Issn = {0031-9201},
	Journal = {Physics of the Earth and Planetary Interiors},
	Keywords = {Geomodelling, 3D geology, Geometric modelling, Interface data, Orientation data, Potential-field interpolation, Geological rules, Geological pile, Fault, Fault network},
	Note = {Recent Advances in Computational Geodynamics: Theory, Numerics and Applications},
	Number = {1},
	Pages = {147 - 157},
	Title = {Geological modelling from field data and geological knowledge: Part I. Modelling method coupling 3D potential-field interpolation and geological rules},
	Url = {http://www.sciencedirect.com/science/article/pii/S0031920108001258},
	Volume = {171},
	Year = {2008},
	Bdsk-Url-1 = {http://www.sciencedirect.com/science/article/pii/S0031920108001258},
	Bdsk-Url-2 = {https://doi.org/10.1016/j.pepi.2008.06.013}}

@incollection{Jessel_GeologyModelling,
	Author = {Jessell, Mark and Aill{\`e}res, Laurent and Kemp, Eric de and Lindsay, Mark and Wellmann, Florian and Hillier, Michael and Laurent, Gautier and Carmichael, Thomas and Martin, Roland},
	Booktitle = {{Building Exploration Capability for the 21st Century}},
	Date-Added = {2020-06-11 14:53:01 -0700},
	Date-Modified = {2020-06-11 14:53:01 -0700},
	Doi = {10.5382/SP.18.13},
	Isbn = {9781629491424},
	Month = {01},
	Publisher = {Society of Economic Geologists},
	Title = {{Next Generation Three-Dimensional Geologic Modeling and Inversion}},
	Url = {https://doi.org/10.5382/SP.18.13},
	Year = {2014},
	Bdsk-Url-1 = {https://doi.org/10.5382/SP.18.13}}

@article{GeoMRF,
	Author = {Wang, Hui and Wellmann, J. Florian and Li, Zhao and Wang, Xiangrong and Liang, Robert Y.},
	Date-Added = {2020-06-11 14:53:01 -0700},
	Date-Modified = {2020-06-11 14:53:01 -0700},
	Journal = {Mathematical Geosciences},
	Number = {2},
	Pages = {145--177},
	Title = {A Segmentation Approach for Stochastic Geological Modeling Using Hidden Markov Random Fields},
	Volume = {49},
	Year = {2017}}

@misc{habersegmentation,
	Archiveprefix = {arXiv},
	Author = {Keegan Lensink and Eldad Haber and Bas Peters},
	Date-Added = {2020-06-11 14:53:01 -0700},
	Date-Modified = {2020-06-11 14:53:01 -0700},
	Eprint = {1905.10484},
	Primaryclass = {cs.CV},
	Title = {Fully Hyperbolic Convolutional Neural Networks},
	Year = {2019}}

@inproceedings{Schmidt2,
	Abstract = {Markov Random Fields (MRFs) are a popular and well-motivated model for many medical image processing tasks such as segmentation. Discriminative Random Fields (DRFs), a discriminative alternative to the traditionally generative MRFs, allow tractable computation with less restrictive simplifying assumptions, and achieve better performance in many tasks. In this paper, we investigate the tumor segmentation performance of a recent variant of DRF models that takes advantage of the powerful Support Vector Machine (SVM) classification method. Combined with a powerful Magnetic Resonance (MR) preprocessing pipeline and a set of `alignment-based' features, we evaluate the use of SVMs, MRFs, and two types of DRFs as classifiers for three segmentation tasks related to radiation therapy target planning for brain tumors, two of which do not rely on `contrast agent' enhancement. Our results indicate that the SVM-based DRFs offer a significant advantage over the other approaches.},
	Address = {Berlin, Heidelberg},
	Author = {Lee, Chi-Hoon and Schmidt, Mark and Murtha, Albert and Bistritz, Aalo and Sander, J{\"o}erg and Greiner, Russell},
	Booktitle = {Computer Vision for Biomedical Image Applications},
	Date-Added = {2020-06-11 14:53:01 -0700},
	Date-Modified = {2020-06-11 14:53:01 -0700},
	Editor = {Liu, Yanxi and Jiang, Tianzi and Zhang, Changshui},
	Isbn = {978-3-540-32125-5},
	Pages = {469--478},
	Publisher = {Springer Berlin Heidelberg},
	Title = {Segmenting Brain Tumors with Conditional Random Fields and Support Vector Machines},
	Year = {2005}}

@article{BrownStructural,
	Author = {Vanessa Brown and Kerry Key and Satish Singh},
	Date-Added = {2020-06-11 14:53:01 -0700},
	Date-Modified = {2020-06-11 14:53:01 -0700},
	Doi = {10.1190/geo2011-0081.1},
	Eprint = {https://doi.org/10.1190/geo2011-0081.1},
	Journal = {Geophysics},
	Number = {1},
	Pages = {E57-E65},
	Title = {{Seismically regularized controlled-source electromagnetic inversion}},
	Url = {https://doi.org/10.1190/geo2011-0081.1},
	Volume = {77},
	Year = {2012},
	Bdsk-Url-1 = {https://doi.org/10.1190/geo2011-0081.1}}

@article{YanStructural,
	Author = {Yan, Ping and Kalscheuer, Thomas and Hedin, Peter and Garcia Juanatey, Maria A.},
	Date-Added = {2020-06-11 14:53:01 -0700},
	Date-Modified = {2020-06-11 14:53:01 -0700},
	Doi = {10.1002/2017GL072953},
	Eprint = {https://agupubs.onlinelibrary.wiley.com/doi/pdf/10.1002/2017GL072953},
	Journal = {Geophysical Research Letters},
	Keywords = {constrained inversion, magnetotellurics, seismic, COSC},
	Number = {8},
	Pages = {3554-3563},
	Title = {{Two-dimensional magnetotelluric inversion using reflection seismic data as constraints and application in the COSC project}},
	Url = {https://agupubs.onlinelibrary.wiley.com/doi/abs/10.1002/2017GL072953},
	Volume = {44},
	Year = {2017},
	Bdsk-Url-1 = {https://agupubs.onlinelibrary.wiley.com/doi/abs/10.1002/2017GL072953},
	Bdsk-Url-2 = {https://doi.org/10.1002/2017GL072953}}

@article{GiraudStructural,
	Author = {Giraud, J. and Lindsay, M. and Ogarko, V. and Jessell, M. and Martin, R. and Pakyuz-Charrier, E.},
	Date-Added = {2020-06-11 14:53:01 -0700},
	Date-Modified = {2020-06-11 14:53:01 -0700},
	Doi = {10.5194/se-10-193-2019},
	Journal = {Solid Earth},
	Number = {1},
	Pages = {193--210},
	Title = {{Integration of geoscientific uncertainty into geophysical inversion by means of local gradient regularization}},
	Url = {https://www.solid-earth.net/10/193/2019/},
	Volume = {10},
	Year = {2019},
	Bdsk-Url-1 = {https://www.solid-earth.net/10/193/2019/},
	Bdsk-Url-2 = {https://doi.org/10.5194/se-10-193-2019}}

@article{LelievreStructural,
	Author = {Leli{\`e}vre, Peter G. and Oldenburg, Douglas W.},
	Date-Added = {2020-06-11 14:53:01 -0700},
	Date-Modified = {2020-06-11 14:53:01 -0700},
	Doi = {10.1111/j.1365-246X.2009.04188.x},
	Eprint = {https://academic.oup.com/gji/article-pdf/178/2/623/5912188/178-2-623.pdf},
	Issn = {0956-540X},
	Journal = {Geophysical Journal International},
	Month = {08},
	Number = {2},
	Pages = {623-637},
	Title = {{A comprehensive study of including structural orientation information in geophysical inversions}},
	Url = {https://doi.org/10.1111/j.1365-246X.2009.04188.x},
	Volume = {178},
	Year = {2009},
	Bdsk-Url-1 = {https://doi.org/10.1111/j.1365-246X.2009.04188.x}}

@book{integratedImaging,
	Author = {Max Moorkamp and Peter G. Leli{\`e}vre and Niklas Linde and Amir Khan},
	Date-Added = {2020-06-11 14:53:01 -0700},
	Date-Modified = {2020-06-11 14:53:01 -0700},
	Doi = {10.1002/9781118929063},
	Eprint = {https://agupubs.onlinelibrary.wiley.com/doi/pdf/10.1002/9781118929063},
	Isbn = {9781118929063},
	Publisher = {American Geophysical Union (AGU)},
	Title = {{Integrated Imaging of the Earth: Theory and Applications}},
	Url = {https://agupubs.onlinelibrary.wiley.com/doi/abs/10.1002/9781118929063},
	Year = {2016},
	Bdsk-Url-1 = {https://agupubs.onlinelibrary.wiley.com/doi/abs/10.1002/9781118929063},
	Bdsk-Url-2 = {https://doi.org/10.1002/9781118929063}}

@article{Moorkamp2011,
	Author = {Moorkamp, Max and Heincke, Bj{\"o}rn and Jegen, Marion and Roberts, Alan W. and Hobbs, Richard W.},
	Date-Added = {2020-06-11 14:53:01 -0700},
	Date-Modified = {2020-06-11 14:53:01 -0700},
	Doi = {10.1111/j.1365-246X.2010.04856.x},
	Eprint = {https://academic.oup.com/gji/article-pdf/184/1/477/1668279/184-1-477.pdf},
	Issn = {0956-540X},
	Journal = {Geophysical Journal International},
	Month = {01},
	Number = {1},
	Pages = {477-493},
	Title = {{A framework for 3-D joint inversion of MT, gravity and seismic refraction data}},
	Url = {https://doi.org/10.1111/j.1365-246X.2010.04856.x},
	Volume = {184},
	Year = {2011},
	Bdsk-Url-1 = {https://doi.org/10.1111/j.1365-246X.2010.04856.x}}

@article{Sosa,
	Author = {Sosa, A. and Velasco, A. A. and Velazquez, L. and Argaez, M. and Romero, R.},
	Date-Added = {2020-06-11 14:53:01 -0700},
	Date-Modified = {2020-06-11 14:53:01 -0700},
	Doi = {10.1093/gji/ggt326},
	Eprint = {http://oup.prod.sis.lan/gji/article-pdf/195/3/1745/1722849/ggt326.pdf},
	Issn = {0956-540X},
	Journal = {Geophysical Journal International},
	Month = {09},
	Number = {3},
	Pages = {1745-1762},
	Title = {{Constrained optimization framework for joint inversion of geophysical data sets}},
	Url = {https://doi.org/10.1093/gji/ggt326},
	Volume = {195},
	Year = {2013},
	Bdsk-Url-1 = {https://doi.org/10.1093/gji/ggt326}}

@article{Bijani2017,
	Author = {Bijani, Rodrigo and Leli{\`e}vre, Peter G. and Ponte-Neto, Cosme F. and Farquharson, Colin G.},
	Date-Added = {2020-06-11 14:53:01 -0700},
	Date-Modified = {2020-06-11 14:53:01 -0700},
	Doi = {10.1093/gji/ggx046},
	Eprint = {https://academic.oup.com/gji/article-pdf/209/2/730/10879572/ggx046.pdf},
	Issn = {0956-540X},
	Journal = {Geophysical Journal International},
	Month = {02},
	Number = {2},
	Pages = {730-748},
	Title = {Physical-property-, lithology- and surface-geometry-based joint inversion using Pareto Multi-Objective Global Optimization},
	Url = {https://doi.org/10.1093/gji/ggx046},
	Volume = {209},
	Year = {2017},
	Bdsk-Url-1 = {https://doi.org/10.1093/gji/ggx046}}

@article{SantosLcurve,
	Author = {E.T.F. Santos and A. Bassrei},
	Date-Added = {2020-06-11 14:53:01 -0700},
	Date-Modified = {2020-06-11 14:53:01 -0700},
	Doi = {https://doi.org/10.1016/j.cageo.2006.08.013},
	Issn = {0098-3004},
	Journal = {Computers \& Geosciences},
	Number = {5},
	Pages = {618 - 629},
	Title = {{L- and {$\Theta$}-curve approaches for the selection of regularization parameter in geophysical diffraction tomography}},
	Url = {http://www.sciencedirect.com/science/article/pii/S0098300406001981},
	Volume = {33},
	Year = {2007},
	Bdsk-Url-1 = {http://www.sciencedirect.com/science/article/pii/S0098300406001981},
	Bdsk-Url-2 = {https://doi.org/10.1016/j.cageo.2006.08.013}}

@article{HansenLcurve0,
	Author = {Hansen,Per C. and O'Leary,Dianne P.},
	Date-Added = {2020-06-11 14:53:01 -0700},
	Date-Modified = {2020-06-11 14:53:01 -0700},
	Isbn = {10648275},
	Journal = {SIAM Journal on Scientific Computing},
	Keywords = {Mathematics},
	Language = {English},
	Month = {11},
	Note = {Copyright - Copyright] {\copyright} 1993 Society for Industrial and Applied Mathematics; Last updated - 2012-06-29},
	Number = {6},
	Pages = {1487-17},
	Title = {{The Use of the L-Curve in the Regularization of Discrete Ill-Posed Problems}},
	Url = {http://ezproxy.library.ubc.ca/login?url=https://search.proquest.com/docview/921634998?accountid=14656},
	Volume = {14},
	Year = {1993},
	Bdsk-Url-1 = {http://ezproxy.library.ubc.ca/login?url=https://search.proquest.com/docview/921634998?accountid=14656}}

@inproceedings{Hansenlcurve,
	Author = {P. C. Hansen},
	Booktitle = {{in Computational Inverse Problems in Electrocardiology, ed. P. Johnston, Advances in Computational Bioengineering}},
	Date-Added = {2020-06-11 14:53:01 -0700},
	Date-Modified = {2020-06-11 14:53:01 -0700},
	Pages = {119--142},
	Publisher = {WIT Press},
	Title = {{The L-Curve and its Use in the Numerical Treatment of Inverse Problems}},
	Year = {2000}}

@inproceedings{williams2006applying,
	Author = {Williams, Nicholas C.},
	Booktitle = {Proceedings of the Australian Earth Sciences Convention. ASEG/GSA.},
	Date-Added = {2020-06-11 14:53:01 -0700},
	Date-Modified = {2020-06-11 14:53:01 -0700},
	Title = {{Applying UBC-GIF potential field inversions in greenfields or brownfields exploration}},
	Year = {2006}}

@article{Bosch2004,
	Author = {Miguel Bosch},
	Date-Added = {2020-06-11 14:53:01 -0700},
	Date-Modified = {2020-06-11 14:53:01 -0700},
	Doi = {10.1190/1.1801944},
	Eprint = {https://doi.org/10.1190/1.1801944},
	Journal = {Geophysics},
	Number = {5},
	Pages = {1272-1282},
	Title = {{The optimization approach to lithological tomography: Combining seismic data and petrophysics for porosity prediction}},
	Url = {https://doi.org/10.1190/1.1801944},
	Volume = {69},
	Year = {2004},
	Bdsk-Url-1 = {https://doi.org/10.1190/1.1801944}}

@article{Chen2012,
	Author = {Jinsong Chen and G. Michael Hoversten},
	Date-Added = {2020-06-11 14:53:01 -0700},
	Date-Modified = {2020-06-11 14:53:01 -0700},
	Doi = {10.1190/geo2011-0219.1},
	Eprint = {https://doi.org/10.1190/geo2011-0219.1},
	Journal = {Geophysics},
	Number = {1},
	Pages = {R65-R80},
	Title = {{Joint inversion of marine seismic AVA and CSEM data using statistical rock-physics models and Markov random fields}},
	Url = {https://doi.org/10.1190/geo2011-0219.1},
	Volume = {77},
	Year = {2012},
	Bdsk-Url-1 = {https://doi.org/10.1190/geo2011-0219.1}}

@article{Chen2007,
	Author = {Jinsong Chen and G. Michael Hoversten and Donald Vasco and Yoram Rubin and Zhangshuan Hou},
	Date-Added = {2020-06-11 14:53:01 -0700},
	Date-Modified = {2020-06-11 14:53:01 -0700},
	Doi = {10.1190/1.2435082},
	Eprint = {https://doi.org/10.1190/1.2435082},
	Journal = {Geophysics},
	Number = {2},
	Pages = {WA85-WA95},
	Title = {{A Bayesian model for gas saturation estimation using marine seismic AVA and CSEM data}},
	Url = {https://doi.org/10.1190/1.2435082},
	Volume = {72},
	Year = {2007},
	Bdsk-Url-1 = {https://doi.org/10.1190/1.2435082}}

@article{Hoversten2006,
	Author = {Hoversten, G. Michael and Cassassuce, Florence and Gasperikova, Erika and Newman, Gregory A. and Chen, Jinsong and Rubin, Yoram and Hou, Zhangshuan and Vasco, Don},
	Date-Added = {2020-06-11 14:53:01 -0700},
	Date-Modified = {2020-06-11 14:53:01 -0700},
	Doi = {10.1190/1.2194510},
	Eprint = {https://pubs.geoscienceworld.org/geophysics/article-pdf/71/3/C1/3206266/gsgpy\_71\_3\_C1.pdf},
	Issn = {0016-8033},
	Journal = {Geophysics},
	Month = {05},
	Number = {3},
	Pages = {C1-C13},
	Title = {{Direct reservoir parameter estimation using joint inversion of marine seismic AVA and CSEM data}},
	Url = {https://doi.org/10.1190/1.2194510},
	Volume = {71},
	Year = {2006},
	Bdsk-Url-1 = {https://doi.org/10.1190/1.2194510}}

@incollection{Meju2016,
	Author = {Meju, Max A. and Gallardo, Luis A.},
	Booktitle = {{Integrated Imaging of the Earth}},
	Chapter = {4},
	Date-Added = {2020-06-11 14:53:01 -0700},
	Date-Modified = {2020-06-11 14:53:01 -0700},
	Doi = {10.1002/9781118929063.ch4},
	Eprint = {https://agupubs.onlinelibrary.wiley.com/doi/pdf/10.1002/9781118929063.ch4},
	Isbn = {9781118929063},
	Keywords = {geological complexity, integrated geophysical imaging, joint inversion, structure-coupled multiphysics imaging},
	Pages = {49-67},
	Publisher = {American Geophysical Union (AGU)},
	Title = {{Structural Coupling Approaches in Integrated Geophysical Imaging}},
	Url = {https://agupubs.onlinelibrary.wiley.com/doi/abs/10.1002/9781118929063.ch4},
	Year = {2016},
	Bdsk-Url-1 = {https://agupubs.onlinelibrary.wiley.com/doi/abs/10.1002/9781118929063.ch4},
	Bdsk-Url-2 = {https://doi.org/10.1002/9781118929063.ch4}}

@incollection{Lelievre2016,
	Author = {Leli{\`e}vre, Peter G. and Farquharson, Colin G.},
	Booktitle = {{Integrated Imaging of the Earth}},
	Chapter = {8},
	Date-Added = {2020-06-11 14:53:01 -0700},
	Date-Modified = {2020-06-11 14:53:01 -0700},
	Doi = {10.1002/9781118929063.ch8},
	Eprint = {https://agupubs.onlinelibrary.wiley.com/doi/pdf/10.1002/9781118929063.ch8},
	Isbn = {9781118929063},
	Pages = {137-166},
	Publisher = {American Geophysical Union (AGU)},
	Title = {{Integrated Imaging for Mineral Exploration}},
	Url = {https://agupubs.onlinelibrary.wiley.com/doi/abs/10.1002/9781118929063.ch8},
	Year = {2016},
	Bdsk-Url-1 = {https://agupubs.onlinelibrary.wiley.com/doi/abs/10.1002/9781118929063.ch8},
	Bdsk-Url-2 = {https://doi.org/10.1002/9781118929063.ch8}}

@article{SmoothingProportions0,
	Author = {S. {Sanjay-Gopal} and T. J. {Hebert}},
	Date-Added = {2020-06-11 14:53:01 -0700},
	Date-Modified = {2020-06-11 14:53:01 -0700},
	Journal = {IEEE Transactions on Image Processing},
	Number = {7},
	Pages = {1014-1028},
	Title = {{Bayesian pixel classification using spatially variant finite mixtures and the generalized EM algorithm}},
	Volume = {7},
	Year = {1998}}

@article{SmoothingProportions1,
	Author = {K. {Blekas} and A. {Likas} and N. P. {Galatsanos} and I. E. {Lagaris}},
	Date-Added = {2020-06-11 14:53:01 -0700},
	Date-Modified = {2020-06-11 14:53:01 -0700},
	Journal = {IEEE Transactions on Neural Networks},
	Number = {2},
	Pages = {494-498},
	Title = {A spatially constrained mixture model for image segmentation},
	Volume = {16},
	Year = {2005}}

@article{SmoothingProportions2,
	Author = {C. {Nikou} and N. P. {Galatsanos} and A. C. {Likas}},
	Date-Added = {2020-06-11 14:53:01 -0700},
	Date-Modified = {2020-06-11 14:53:01 -0700},
	Journal = {IEEE Transactions on Image Processing},
	Number = {4},
	Pages = {1121-1130},
	Title = {A Class-Adaptive Spatially Variant Mixture Model for Image Segmentation},
	Volume = {16},
	Year = {2007}}

@book{GMMRF,
	Address = {Berlin, Heidelberg},
	Author = {Li, Stan Z.},
	Date-Added = {2020-06-11 14:53:01 -0700},
	Date-Modified = {2020-06-11 14:53:01 -0700},
	Isbn = {4431703098},
	Publisher = {Springer-Verlag},
	Title = {{Markov Random Field Modeling in Image Analysis}},
	Year = {2001}}

@inproceedings{Rapstine,
	Author = {Thomas Rapstine and Yaoguo Li and Jiajia Sun},
	Booktitle = {{SEG Technical Program Expanded Abstracts 2016}},
	Date-Added = {2020-06-11 14:53:01 -0700},
	Date-Modified = {2020-06-11 14:53:01 -0700},
	Doi = {10.1190/segam2016-13949789.1},
	Eprint = {https://library.seg.org/doi/pdf/10.1190/segam2016-13949789.1},
	Pages = {1622-1626},
	Title = {{Integrating a spatial salt likelihood map and prior petrophysical data into a gravity gradiometry inversion through fuzzy c-means clustering}},
	Url = {https://library.seg.org/doi/abs/10.1190/segam2016-13949789.1},
	Year = {2016},
	Bdsk-Url-1 = {https://library.seg.org/doi/abs/10.1190/segam2016-13949789.1},
	Bdsk-Url-2 = {https://doi.org/10.1190/segam2016-13949789.1}}

@article{SINGH2018127,
	Author = {Anand Singh and S.P. Sharma},
	Date-Added = {2020-06-11 14:53:01 -0700},
	Date-Modified = {2020-06-11 14:53:01 -0700},
	Doi = {https://doi.org/10.1016/j.jappgeo.2017.11.014},
	Issn = {0926-9851},
	Journal = {Journal of Applied Geophysics},
	Keywords = {Fuzzy constrained resistivity tomography, Plane wave electromagnetics, Electrical resistivity, Inversion, Geologic separation, Fuzzy c-means clustering},
	Pages = {127 - 138},
	Title = {{Identification of different geologic units using fuzzy constrained resistivity tomography}},
	Url = {http://www.sciencedirect.com/science/article/pii/S0926985117302495},
	Volume = {148},
	Year = {2018},
	Bdsk-Url-1 = {http://www.sciencedirect.com/science/article/pii/S0926985117302495},
	Bdsk-Url-2 = {https://doi.org/10.1016/j.jappgeo.2017.11.014}}

@inproceedings{Capriotti2017,
	Author = {Joseph Capriotti and Yaoguo Li},
	Booktitle = {{SEG Technical Program Expanded Abstracts 2017}},
	Date-Added = {2020-06-11 14:53:01 -0700},
	Date-Modified = {2020-06-11 14:53:01 -0700},
	Doi = {10.1190/segam2017-17684808.1},
	Eprint = {https://library.seg.org/doi/pdf/10.1190/segam2017-17684808.1},
	Pages = {5865-5869},
	Title = {{Time-lapse gravity inversion for multiple reservoir parameters using fuzzy C-means clustering}},
	Url = {https://library.seg.org/doi/abs/10.1190/segam2017-17684808.1},
	Year = {2017},
	Bdsk-Url-1 = {https://library.seg.org/doi/abs/10.1190/segam2017-17684808.1},
	Bdsk-Url-2 = {https://doi.org/10.1190/segam2017-17684808.1}}

@inproceedings{Capriotti2018,
	Author = {Joseph Capriotti and Yaoguo Li},
	Booktitle = {{SEG Technical Program Expanded Abstracts 2018}},
	Date-Added = {2020-06-11 14:53:01 -0700},
	Date-Modified = {2020-06-11 14:53:01 -0700},
	Doi = {10.1190/segam2018-2997272.1},
	Eprint = {https://library.seg.org/doi/pdf/10.1190/segam2018-2997272.1},
	Pages = {914-918},
	Title = {{Guided fuzzy c-means clustering inversion of electrical potential due to an anisotropic-layered half-space}},
	Url = {https://library.seg.org/doi/abs/10.1190/segam2018-2997272.1},
	Year = {2018},
	Bdsk-Url-1 = {https://library.seg.org/doi/abs/10.1190/segam2018-2997272.1},
	Bdsk-Url-2 = {https://doi.org/10.1190/segam2018-2997272.1}}

@article{GK0,
	Author = {Donald Gustafson and William Clark Kessel},
	Date-Added = {2020-06-11 14:53:01 -0700},
	Date-Modified = {2020-06-11 14:53:01 -0700},
	Journal = {1978 IEEE Conference on Decision and Control including the 17th Symposium on Adaptive Processes},
	Pages = {761-766},
	Title = {Fuzzy clustering with a fuzzy covariance matrix},
	Year = {1978}}

@inproceedings{GK1,
	Author = {R. {Babuka} and P. J. {van der Veen} and U. {Kaymak}},
	Booktitle = {2002 IEEE World Congress on Computational Intelligence. 2002 IEEE International Conference on Fuzzy Systems. FUZZ-IEEE'02. Proceedings (Cat. No.02CH37291)},
	Date-Added = {2020-06-11 14:53:01 -0700},
	Date-Modified = {2020-06-11 14:53:01 -0700},
	Pages = {1081-1085 vol.2},
	Title = {{Improved covariance estimation for Gustafson-Kessel clustering}},
	Volume = {2},
	Year = {2002}}

@inproceedings{ZhdanovFCM,
	Author = {Zhengwei Xu and Le Wan and Muran Han and Michael S. Zhdanov and Yue Mao},
	Booktitle = {{SEG Technical Program Expanded Abstracts 2019}},
	Date-Added = {2020-06-11 14:53:01 -0700},
	Date-Modified = {2020-06-11 14:53:01 -0700},
	Doi = {10.1190/segam2019-3214793.1},
	Eprint = {https://library.seg.org/doi/pdf/10.1190/segam2019-3214793.1},
	Pages = {1779-1783},
	Title = {{Joint inversion of gravity gradiometry data by model-weighted clustering in logarithmic space}},
	Url = {https://library.seg.org/doi/abs/10.1190/segam2019-3214793.1},
	Year = {2019},
	Bdsk-Url-1 = {https://library.seg.org/doi/abs/10.1190/segam2019-3214793.1},
	Bdsk-Url-2 = {https://doi.org/10.1190/segam2019-3214793.1}}

@article{Singh,
	Author = {Anand Singh and Shashi Prakash Sharma and {\.I}rfan Akca and Vikas Chand Baranwal},
	Date-Added = {2020-06-11 14:53:01 -0700},
	Date-Modified = {2020-06-11 14:53:01 -0700},
	Doi = {10.1190/geo2017-0040.1},
	Eprint = {https://doi.org/10.1190/geo2017-0040.1},
	Journal = {Geophysics},
	Number = {1},
	Pages = {E11-E24},
	Title = {{Fuzzy constrained Lp-norm inversion of direct current resistivity data}},
	Url = {https://doi.org/10.1190/geo2017-0040.1},
	Volume = {83},
	Year = {2018},
	Bdsk-Url-1 = {https://doi.org/10.1190/geo2017-0040.1}}

@article{Maag,
	Author = {Elizabeth Maag and Yaoguo Li},
	Date-Added = {2020-06-11 14:53:01 -0700},
	Date-Modified = {2020-06-11 14:53:01 -0700},
	Doi = {10.1190/geo2017-0594.1},
	Eprint = {https://doi.org/10.1190/geo2017-0594.1},
	Journal = {Geophsyics},
	Number = {4},
	Pages = {G59-G77},
	Title = {{Discrete-valued gravity inversion using the guided fuzzy c-means clustering technique}},
	Url = {https://doi.org/10.1190/geo2017-0594.1},
	Volume = {83},
	Year = {2018},
	Bdsk-Url-1 = {https://doi.org/10.1190/geo2017-0594.1}}

@article{NguyenImageSegmentation,
	Author = {Nguyen, T M and Wu, Q M J},
	Date-Added = {2020-06-11 14:53:01 -0700},
	Date-Modified = {2020-06-11 14:53:01 -0700},
	Doi = {10.1109/TCSVT.2012.2211176},
	Issn = {1051-8215},
	Journal = {IEEE Transactions on Circuits and Systems for Video Technology},
	Keywords = {expectation-maximisation algorithm;Gaussian proces},
	Month = {apr},
	Number = {4},
	Pages = {621--635},
	Title = {{Fast and Robust Spatially Constrained Gaussian Mixture Model for Image Segmentation}},
	Volume = {23},
	Year = {2013},
	Bdsk-Url-1 = {https://doi.org/10.1109/TCSVT.2012.2211176}}

@article{AsticTKC,
	Author = {Thibaut Astic and Dominique Fournier and Douglas W. Oldenburg},
	Date-Added = {2020-06-11 14:53:01 -0700},
	Date-Modified = {2020-06-11 14:53:01 -0700},
	Journal = {Submitted to Interpretation},
	Title = {{Joint inversion of potential fields data over the DO-27 kimberlite pipe using a Gaussian mixture model prior}},
	Year = {2020}}

@misc{PGIJointExamples,
	Author = {Thibaut Astic},
	Date-Added = {2020-06-11 14:53:01 -0700},
	Date-Modified = {2020-06-11 14:53:01 -0700},
	Doi = {10.5281/zenodo.3571471},
	Howpublished = {\url{https://doi.org/10.5281/zenodo.3571471}},
	Month = {jan},
	Note = {Accessed: 2020-01-31},
	Publisher = {Zenodo},
	Title = {{Collection of scripts for forward modelling and joint inversion of potential fields data}},
	Url = {https://github.com/simpeg-research/Astic-2020-JointInversion},
	Version = {1.0.0},
	Year = {2020},
	Bdsk-Url-1 = {https://github.com/simpeg-research/Astic-2020-JointInversion},
	Bdsk-Url-2 = {https://doi.org/10.5281/zenodo.3571471}}

@article{Bosch2001,
	Author = {Miguel Bosch and John McGaughey},
	Date-Added = {2020-06-11 14:53:01 -0700},
	Date-Modified = {2020-06-11 14:53:01 -0700},
	Doi = {10.1190/1.1487299},
	Eprint = {https://doi.org/10.1190/1.1487299},
	Journal = {The Leading Edge},
	Number = {8},
	Pages = {877-881},
	Title = {{Joint inversion of gravity and magnetic data under lithologic constraints}},
	Url = {https://doi.org/10.1190/1.1487299},
	Volume = {20},
	Year = {2001},
	Bdsk-Url-1 = {https://doi.org/10.1190/1.1487299}}

@inproceedings{Sun2013,
	Author = {Jiajia Sun and Yaoguo Li},
	Booktitle = {{SEG Technical Program Expanded Abstracts 2013}},
	Date-Added = {2020-06-11 14:53:01 -0700},
	Date-Modified = {2020-06-11 14:53:01 -0700},
	Doi = {10.1190/segam2013-1163.1},
	Pages = {3051-3056},
	Title = {{Petrophysically constrained geophysical inversion using Parzen window density estimation}},
	Url = {https://library.seg.org/doi/abs/10.1190/segam2013-1163.1},
	Year = {2013},
	Bdsk-Url-1 = {https://library.seg.org/doi/abs/10.1190/segam2013-1163.1},
	Bdsk-Url-2 = {https://doi.org/10.1190/segam2013-1163.1}}

@article{Wahba:90,
	Author = {Wahba, G.},
	Date-Added = {2020-06-11 14:53:01 -0700},
	Date-Modified = {2020-06-11 14:53:01 -0700},
	Journal = {Regional Conference Series in Applied Mathematics},
	Keywords = {juergen},
	Priority = {2},
	Publisher = {{SIAM Press, Philadelphia}},
	Title = {Spline Models for Observational Data},
	Volume = 59,
	Year = 1990}

@article{Farquaharson1993,
	Author = {Farquharson, C. G. and Oldenburg, D. W.},
	Date-Added = {2020-06-11 14:53:01 -0700},
	Date-Modified = {2020-06-11 14:53:01 -0700},
	Doi = {10.1111/j.1365-246X.1993.tb06977.x},
	Eprint = {https://academic.oup.com/gji/article-pdf/114/3/433/2047413/114-3-433.pdf},
	Issn = {0956-540X},
	Journal = {Geophysical Journal International},
	Month = {09},
	Number = {3},
	Pages = {433-442},
	Title = {{Inversion of time-domain electromagnetic data for a horizontally layered Earth}},
	Url = {https://doi.org/10.1111/j.1365-246X.1993.tb06977.x},
	Volume = {114},
	Year = {1993},
	Bdsk-Url-1 = {https://doi.org/10.1111/j.1365-246X.1993.tb06977.x}}

@article{Pearson1900,
	Author = {Karl Pearson},
	Date-Added = {2020-06-11 14:53:01 -0700},
	Date-Modified = {2020-06-11 14:53:01 -0700},
	Doi = {10.1080/14786440009463897},
	Eprint = {https://doi.org/10.1080/14786440009463897},
	Journal = {The London, Edinburgh, and Dublin Philosophical Magazine and Journal of Science},
	Number = {302},
	Pages = {157-175},
	Publisher = {Taylor & Francis},
	Title = {{On the criterion that a given system of deviations from the probable in the case of a correlated system of variables is such that it can be reasonably supposed to have arisen from random sampling}},
	Url = {https://doi.org/10.1080/14786440009463897},
	Volume = {50},
	Year = {1900},
	Bdsk-Url-1 = {https://doi.org/10.1080/14786440009463897}}

@inproceedings{Li1999,
	Author = {Yaoguo Li and Douglas W. Oldenburg},
	Booktitle = {{SEG Technical Program Expanded Abstracts 1999}},
	Date-Added = {2020-06-11 14:53:01 -0700},
	Date-Modified = {2020-06-11 14:53:01 -0700},
	Doi = {10.1190/1.1820992},
	Eprint = {https://library.seg.org/doi/pdf/10.1190/1.1820992},
	Pages = {251-254},
	Title = {{3‚ÄêD inversion of DC resistivity data using an L‚Äêcurve criterion}},
	Url = {https://library.seg.org/doi/abs/10.1190/1.1820992},
	Year = {1999},
	Bdsk-Url-1 = {https://library.seg.org/doi/abs/10.1190/1.1820992},
	Bdsk-Url-2 = {https://doi.org/10.1190/1.1820992}}

@article{Haber2000,
	Author = {Haber, Eldad and Oldenburg, Douglas},
	Date-Added = {2020-06-11 14:53:01 -0700},
	Date-Modified = {2020-06-11 14:53:01 -0700},
	Doi = {10.1023/A:1011599530422},
	Isbn = {1573-1499},
	Journal = {Computational Geosciences},
	Number = {1},
	Pages = {41--63},
	Title = {{A GCV based method for nonlinear ill-posed problems}},
	Url = {https://doi.org/10.1023/A:1011599530422},
	Volume = {4},
	Year = {2000},
	Bdsk-Url-1 = {https://doi.org/10.1023/A:1011599530422}}

@article{armijo1966,
	Author = {Armijo, Larry},
	Date-Added = {2020-06-11 14:53:01 -0700},
	Date-Modified = {2020-06-11 14:53:01 -0700},
	Journal = {Pacific Journal of Mathematics},
	Number = {1},
	Pages = {1--3},
	Publisher = {Pacific Journal of Mathematics, A Non-profit Corporation},
	Title = {{Minimization of functions having Lipschitz continuous first partial derivatives}},
	Url = {https://projecteuclid.org:443/euclid.pjm/1102995080},
	Volume = {16},
	Year = {1966},
	Bdsk-Url-1 = {https://projecteuclid.org:443/euclid.pjm/1102995080}}

@book{Hansen1997,
	Author = {Hansen, Per Christian},
	Date-Added = {2020-06-11 14:53:01 -0700},
	Date-Modified = {2020-06-11 14:53:01 -0700},
	Doi = {10.1137/1.9780898719697},
	Eprint = {https://epubs.siam.org/doi/pdf/10.1137/1.9780898719697},
	Publisher = {Society for Industrial and Applied Mathematics},
	Title = {{Rank-Deficient and Discrete Ill-Posed Problems}},
	Url = {https://epubs.siam.org/doi/abs/10.1137/1.9780898719697},
	Year = {1998},
	Bdsk-Url-1 = {https://epubs.siam.org/doi/abs/10.1137/1.9780898719697},
	Bdsk-Url-2 = {https://doi.org/10.1137/1.9780898719697}}

@article{Hestenes1952,
	Author = {Hestenes, M. R. and Stiefel, E.},
	Date-Added = {2020-06-11 14:53:01 -0700},
	Date-Modified = {2020-06-11 14:53:01 -0700},
	Doi = {10.6028/jres.049.044},
	Journal = {Journal of Research of NIST},
	Number = 6,
	Pages = {409--436},
	Posted-At = {2013-09-19 17:33:39},
	Priority = {2},
	Title = {Methods of conjugate gradients for solving linear systems},
	Url = {http://dx.doi.org/10.6028/jres.049.044},
	Volume = 49,
	Year = 1952,
	Bdsk-Url-1 = {http://dx.doi.org/10.6028/jres.049.044}}

@book{Jaynes2003,
	Author = {Jaynes, E. T.},
	Date-Added = {2020-06-11 14:53:01 -0700},
	Date-Modified = {2020-06-11 14:53:01 -0700},
	Doi = {10.1017/CBO9780511790423},
	Editor = {Bretthorst, G. LarryEditor},
	Place = {Cambridge},
	Publisher = {Cambridge University Press},
	Title = {Probability Theory: The Logic of Science},
	Year = {2003},
	Bdsk-Url-1 = {https://doi.org/10.1017/CBO9780511790423}}

@article{DiamondsInCanada,
	Author = {Bruce Kjarsgaard and A. Levinson},
	Date-Added = {2020-06-11 14:53:01 -0700},
	Date-Modified = {2020-06-11 14:53:01 -0700},
	Doi = {10.5741/GEMS.38.3.208},
	Journal = {Gems \& Gemology},
	Month = {09},
	Pages = {208-238},
	Title = {{Diamonds in Canada}},
	Volume = {38},
	Year = {2002},
	Bdsk-Url-1 = {https://doi.org/10.5741/GEMS.38.3.208}}

@article{CauchyNorm,
	Author = {K. R. Kadiyala and K. S. R. Murthy},
	Date-Added = {2020-06-11 14:53:01 -0700},
	Date-Modified = {2020-06-11 14:53:01 -0700},
	Issn = {03195724},
	Journal = {The Canadian Journal of Statistics / La Revue Canadienne de Statistique},
	Number = {1},
	Pages = {111-120},
	Publisher = {[Statistical Society of Canada, Wiley]},
	Title = {{Estimation of Regression Equation with Cauchy Disturbances}},
	Url = {http://www.jstor.org/stable/3315088},
	Volume = {5},
	Year = {1977},
	Bdsk-Url-1 = {http://www.jstor.org/stable/3315088}}

@techreport{TechnicalReport,
	Author = {T. Eggleston and K. Brisebois and J. Pell},
	Date-Added = {2020-06-11 14:53:01 -0700},
	Date-Modified = {2020-06-11 14:53:01 -0700},
	Institution = {Peregrine Diamonds Ltd},
	Number = {NI 43-101},
	Title = {{Lac de Gras project Northwest Territories, Canada}},
	Year = {2014}}

@inproceedings{Doyle,
	Author = {B. J. Doyle and K. Kivi and B. H. S. Smith},
	Booktitle = {{Proceedings of the 7th International Kimberlite Conference}},
	Date-Added = {2020-06-11 14:53:01 -0700},
	Date-Modified = {2020-06-11 14:53:01 -0700},
	Pages = {194-204},
	Title = {{The Tli Kwi Cho (DO27 and DO18) diamondiferous kimberlite complex, Northwest Territories}},
	Year = {1999}}

@misc{NRC,
	Author = {{Natural Resources Canada}},
	Date-Added = {2020-06-11 14:53:01 -0700},
	Date-Modified = {2020-06-11 14:53:01 -0700},
	Howpublished = {{https://www.nrcan.gc.ca/our-natural-resources/minerals-mining/minerals-metals-facts/diamond-facts/20513}},
	Note = {Accessed: 2019-11-07},
	Publisher = {{Natural Resources Canada}},
	Title = {{Diamond facts}},
	Urldate = {2019-09-20},
	Year = {2019}}

@article{Keating,
	Author = {Pierre Keating and Pascal Sailhac},
	Date-Added = {2020-06-11 14:53:01 -0700},
	Date-Modified = {2020-06-11 14:53:01 -0700},
	Doi = {10.1190/1.1649386},
	Eprint = {https://doi.org/10.1190/1.1649386},
	Journal = {Geophysics},
	Number = {1},
	Pages = {180-190},
	Title = {{Use of the analytic signal to identify magnetic anomalies due to kimberlite pipes}},
	Url = {https://doi.org/10.1190/1.1649386},
	Volume = {69},
	Year = {2004},
	Bdsk-Url-1 = {https://doi.org/10.1190/1.1649386}}

@article{LogMag2,
	Author = {Rauen, Armin and Soffel, Heinrich C. and Winter, Helmuth},
	Date-Added = {2020-06-11 14:53:01 -0700},
	Date-Modified = {2020-06-11 14:53:01 -0700},
	Doi = {10.1046/j.1365-246x.2000.00141.x},
	Eprint = {http://oup.prod.sis.lan/article-pdf/142/1/83/1605398/142-1-83.pdf},
	Issn = {0956-540X},
	Journal = {Geophysical Journal International},
	Month = {07},
	Number = {1},
	Pages = {83-94},
	Title = {{Statistical analysis and origin of the magnetic susceptibility of drill cuttings from the 9.1-km-deep KTB drill hole}},
	Url = {https://doi.org/10.1046/j.1365-246x.2000.00141.x},
	Volume = {142},
	Year = {2000},
	Bdsk-Url-1 = {https://doi.org/10.1046/j.1365-246x.2000.00141.x}}

@article{LogMag,
	Author = {Latham, A. G. and Harding, K. L. and Lapointe, P. and Morris, W. A. and Balch, S. J.},
	Date-Added = {2020-06-11 14:53:01 -0700},
	Date-Modified = {2020-06-11 14:53:01 -0700},
	Doi = {10.1111/j.1365-246X.1989.tb05259.x},
	Eprint = {http://oup.prod.sis.lan/gji/article-pdf/96/1/179/1616109/96-1-179.pdf},
	Issn = {0956-540X},
	Journal = {Geophysical Journal International},
	Month = {01},
	Number = {1},
	Pages = {179-184},
	Title = {{On the lognormal distribution of oxides in igneous rocks, using magnetic susceptibility as a proxy for oxide mineral concentration}},
	Url = {https://doi.org/10.1111/j.1365-246X.1989.tb05259.x},
	Volume = {96},
	Year = {1989},
	Bdsk-Url-1 = {https://doi.org/10.1111/j.1365-246X.1989.tb05259.x}}

@inproceedings{Power,
	Author = {M Power and D Hildes.},
	Booktitle = {{Proceedings of Exploration `07: Fifth Decennial International Conference on Mineral Exploration,}},
	Date-Added = {2020-06-11 14:53:01 -0700},
	Date-Modified = {2020-06-11 14:53:01 -0700},
	Pages = {1025-1031},
	Title = {{Geophysical strategies for kimberlite exploration in northern Canada}},
	Year = {2007}}

@article{TKCIP,
	Author = {Seogi Kang and Dominique Fournier and Douglas W. Oldenburg},
	Date-Added = {2020-06-11 14:53:01 -0700},
	Date-Modified = {2020-06-11 14:53:01 -0700},
	Doi = {10.1190/INT-2016-0141.1},
	Eprint = {https://doi.org/10.1190/INT-2016-0141.1},
	Journal = {Interpretation},
	Number = {3},
	Pages = {T327-T340},
	Title = {{Inversion of airborne geophysics over the DO-27/DO-18 kimberlites --- Part 3: Induced polarization}},
	Url = {https://doi.org/10.1190/INT-2016-0141.1},
	Volume = {5},
	Year = {2017},
	Bdsk-Url-1 = {https://doi.org/10.1190/INT-2016-0141.1}}

@article{TKCEM,
	Author = {Dominique Fournier and Seogi Kang and Michael S. McMillan and Douglas W. Oldenburg},
	Date-Added = {2020-06-11 14:53:01 -0700},
	Date-Modified = {2020-06-11 14:53:01 -0700},
	Doi = {10.1190/INT-2016-0140.1},
	Eprint = {https://doi.org/10.1190/INT-2016-0140.1},
	Journal = {Interpretation},
	Number = {3},
	Pages = {T313-T325},
	Title = {{Inversion of airborne geophysics over the DO-27/DO-18 kimberlites --- Part 2: Electromagnetics}},
	Url = {https://doi.org/10.1190/INT-2016-0140.1},
	Volume = {5},
	Year = {2017},
	Bdsk-Url-1 = {https://doi.org/10.1190/INT-2016-0140.1}}

@article{Sensitivity,
	Author = {McGillivray, P. R. and Oldenburg, D. W.},
	Date-Added = {2020-06-11 14:53:01 -0700},
	Date-Modified = {2020-06-11 14:53:01 -0700},
	Doi = {10.1111/j.1365-2478.1990.tb01859.x},
	Eprint = {https://onlinelibrary.wiley.com/doi/pdf/10.1111/j.1365-2478.1990.tb01859.x},
	Journal = {Geophysical Prospecting},
	Number = {5},
	Pages = {499-524},
	Title = {{Methods for calculating Fr{\'e}chet derivatives and sensitivities for the non-linear inverse problem: a comparative study}},
	Url = {https://onlinelibrary.wiley.com/doi/abs/10.1111/j.1365-2478.1990.tb01859.x},
	Volume = {38},
	Year = {1990},
	Bdsk-Url-1 = {https://onlinelibrary.wiley.com/doi/abs/10.1111/j.1365-2478.1990.tb01859.x},
	Bdsk-Url-2 = {https://doi.org/10.1111/j.1365-2478.1990.tb01859.x}}

@article{gallardo_strategy,
	Author = {Gallardo, Luis A. and Meju, Max A.},
	Date-Added = {2020-06-11 14:53:01 -0700},
	Date-Modified = {2020-06-11 14:53:01 -0700},
	Doi = {10.1029/2003JB002716},
	Eprint = {https://agupubs.onlinelibrary.wiley.com/doi/pdf/10.1029/2003JB002716},
	Journal = {Journal of Geophysical Research: Solid Earth},
	Keywords = {joint inversion, DC resistivity, seismic refraction},
	Number = {B3},
	Title = {{Joint two-dimensional DC resistivity and seismic travel time inversion with cross-gradients constraints}},
	Url = {https://agupubs.onlinelibrary.wiley.com/doi/abs/10.1029/2003JB002716},
	Volume = {109},
	Year = {2004},
	Bdsk-Url-1 = {https://agupubs.onlinelibrary.wiley.com/doi/abs/10.1029/2003JB002716},
	Bdsk-Url-2 = {https://doi.org/10.1029/2003JB002716}}

@article{HARDER2009,
	Author = {M. Harder and B.H. Scott Smith and C.M. Hetman and J. Pell},
	Date-Added = {2020-06-11 14:53:01 -0700},
	Date-Modified = {2020-06-11 14:53:01 -0700},
	Doi = {https://doi.org/10.1016/j.lithos.2009.06.024},
	Issn = {0024-4937},
	Journal = {Lithos},
	Keywords = {Kimberlite, Pyroclastic, Economic, Evaluation, DO-27, Lac de Gras},
	Note = {Proceedings of the 9th International Kimberlite Conference},
	Pages = {61 - 72},
	Title = {{The evolution of geological models for the DO-27 kimberlite, NWT, Canada: Implications for evaluation}},
	Url = {http://www.sciencedirect.com/science/article/pii/S0024493709002606},
	Volume = {112},
	Year = {2009},
	Bdsk-Url-1 = {http://www.sciencedirect.com/science/article/pii/S0024493709002606},
	Bdsk-Url-2 = {https://doi.org/10.1016/j.lithos.2009.06.024}}

@article{TKCpaper,
	Author = {Sarah G. R. Devriese and Kristofer Davis and Douglas W. Oldenburg},
	Date-Added = {2020-06-11 14:53:01 -0700},
	Date-Modified = {2020-06-11 14:53:01 -0700},
	Doi = {10.1190/INT-2016-0142.1},
	Eprint = {https://doi.org/10.1190/INT-2016-0142.1},
	Journal = {Interpretation},
	Number = {3},
	Pages = {T299-T311},
	Title = {{Inversion of airborne geophysics over the DO-27/DO-18 kimberlites --- Part 1: Potential fields}},
	Url = {https://doi.org/10.1190/INT-2016-0142.1},
	Volume = {5},
	Year = {2017},
	Bdsk-Url-1 = {https://doi.org/10.1190/INT-2016-0142.1}}

@article{FalconPaper,
	Author = {James B. Lee},
	Date-Added = {2020-06-11 14:53:01 -0700},
	Date-Modified = {2020-06-11 14:53:01 -0700},
	Doi = {10.1071/EG01247},
	Eprint = {https://doi.org/10.1071/EG01247},
	Journal = {Exploration Geophysics},
	Number = {3-4},
	Pages = {247-250},
	Publisher = {Taylor & Francis},
	Title = {{Falcon Gravity Gradiometer Technology}},
	Url = {https://doi.org/10.1071/EG01247},
	Volume = {32},
	Year = {2001},
	Bdsk-Url-1 = {https://doi.org/10.1071/EG01247}}

@inproceedings{KimberliteModel1,
	Author = {Bruce A. Kjarsgaard},
	Booktitle = {{Proceedings of Exploration 07: Fifth Decennial International Conference on Mineral Exploration}},
	Date-Added = {2020-06-11 14:53:01 -0700},
	Date-Modified = {2020-06-11 14:53:01 -0700},
	Pages = {667-677},
	Title = {{Kimberlite Pipe Models: Significance for Exploration}},
	Year = {2007}}

@inproceedings{KimberliteModel0,
	Author = {M. Field and B. H. Scott Smith},
	Booktitle = {{Extended abstracts, 7th International Kimberlite Conference, Cape Town}},
	Date-Added = {2020-06-11 14:53:01 -0700},
	Date-Modified = {2020-06-11 14:53:01 -0700},
	Pages = {214--216},
	Title = {{ Textural and genetic classification schemes for kimberlite: a new perspective}},
	Year = {1998}}

@article{ggz389,
	Author = {Astic, Thibaut and Oldenburg, Douglas W},
	Date-Added = {2020-06-11 14:53:01 -0700},
	Date-Modified = {2020-06-11 14:53:01 -0700},
	Doi = {10.1093/gji/ggz389},
	Eprint = {http://oup.prod.sis.lan/gji/article-pdf/219/3/1989/30144784/ggz389.pdf},
	Issn = {0956-540X},
	Journal = {Geophysical Journal International},
	Month = {08},
	Number = {3},
	Pages = {1989-2012},
	Title = {{A framework for petrophysically and geologically guided geophysical inversion using a dynamic Gaussian mixture model prior}},
	Url = {https://doi.org/10.1093/gji/ggz389},
	Volume = {219},
	Year = {2019},
	Bdsk-Url-1 = {https://doi.org/10.1093/gji/ggz389}}

@techreport{VTEM,
	Author = {K Witherly},
	Date-Added = {2020-06-11 14:53:01 -0700},
	Date-Modified = {2020-06-11 14:53:01 -0700},
	Institution = {Condor Consulting},
	Month = {Febuary},
	Title = {{Report on VTEM test program over three kimberlites, Lac de Gras area, Northwest Territories, Canada}},
	Type = {Technical Report},
	Year = {2005}}

@article{Koenigsberger,
	Author = {Koenigsberger, J. G.},
	Date-Added = {2020-06-11 14:53:01 -0700},
	Date-Modified = {2020-06-11 14:53:01 -0700},
	Doi = {10.1029/TE043i003p00299},
	Eprint = {https://agupubs.onlinelibrary.wiley.com/doi/pdf/10.1029/TE043i003p00299},
	Journal = {Terrestrial Magnetism and Atmospheric Electricity},
	Number = {3},
	Pages = {299-320},
	Title = {{Natural residual magnetism of eruptive rocks}},
	Url = {https://agupubs.onlinelibrary.wiley.com/doi/abs/10.1029/TE043i003p00299},
	Volume = {43},
	Year = {1938},
	Bdsk-Url-1 = {https://agupubs.onlinelibrary.wiley.com/doi/abs/10.1029/TE043i003p00299},
	Bdsk-Url-2 = {https://doi.org/10.1029/TE043i003p00299}}

@article{Macnae,
	Author = {J. Macnae},
	Date-Added = {2020-06-11 14:53:01 -0700},
	Date-Modified = {2020-06-11 14:53:01 -0700},
	Doi = {https://doi.org/10.1016/0375-6742(94)00057-I},
	Issn = {0375-6742},
	Journal = {Journal of Geochemical Exploration},
	Note = {Diamond Exploration: Into the 21st Century},
	Number = {1},
	Pages = {213 - 243},
	Title = {{Applications of geophysics for the detection and exploration of kimberlites and lamproites}},
	Url = {http://www.sciencedirect.com/science/article/pii/037567429400057I},
	Volume = {53},
	Year = {1995},
	Bdsk-Url-1 = {http://www.sciencedirect.com/science/article/pii/037567429400057I},
	Bdsk-Url-2 = {https://doi.org/10.1016/0375-6742(94)00057-I}}

@article{Dyke,
	Author = {Dyke, Arthur ; Prest, Victor},
	Date-Added = {2020-06-11 14:53:01 -0700},
	Date-Modified = {2020-06-11 14:53:01 -0700},
	Doi = {https://doi.org/10.7202/032681ar},
	Journal = {G{\'e}ographie physique et Quaternaire},
	Number = {2},
	Pages = {237--263},
	Publisher = {Les Presses de l'Universit{\'e} de Montr{\'e}al},
	Title = {{Late Wisconsinan and Holocene History of the Laurentide Ice Sheet}},
	Volume = {41},
	Year = {1987},
	Bdsk-Url-1 = {https://doi.org/10.7202/032681ar}}

@inproceedings{JansenEtAl2004,
	Author = {J Jansen and K Witherly},
	Booktitle = {2004 SEG Annual Meeting},
	Date-Added = {2020-06-11 14:53:01 -0700},
	Date-Modified = {2020-06-11 14:53:01 -0700},
	Title = {The {T}li {K}wi {C}ho Kimberlite Complex, {N}orthwest {T}erritories, {C}anada: {A} Geophysical Case Study},
	Year = {2004}}

@conference{Jansen1998,
	Address = {Spokane, Washington, USA},
	Author = {Joel C Jansen and Buddy J Doyle},
	Booktitle = {NWMA Pratical Geophysics Short Course},
	Date-Added = {2020-06-11 14:53:01 -0700},
	Date-Modified = {2020-06-11 14:53:01 -0700},
	Organization = {Northwest Mining Association},
	Timestamp = {2015.06.24},
	Title = {{The Tli Kwi Cho kimberlite complex, Northwest Territories, Canada: A geophysical post mortem}},
	Year = {1998}}

@article{MVI,
	Author = {Peter G. Leli{\`e}vre and Douglas W. Oldenburg},
	Date-Added = {2020-06-11 14:53:01 -0700},
	Date-Modified = {2020-06-11 14:53:01 -0700},
	Doi = {10.1190/1.3103249},
	Eprint = {https://doi.org/10.1190/1.3103249},
	Journal = {Geophysics},
	Number = {3},
	Pages = {L21-L30},
	Title = {{A 3D total magnetization inversion applicable when significant, complicated remanence is present}},
	Url = {https://doi.org/10.1190/1.3103249},
	Volume = {74},
	Year = {2009},
	Bdsk-Url-1 = {https://doi.org/10.1190/1.3103249}}

@article{Giraud2019,
	Author = {Giraud, J{\'e}r{\'e}mie and Ogarko, Vitaliy and Lindsay, Mark and Pakyuz-Charrier, Evren and Jessell, Mark and Martin, Roland},
	Date-Added = {2020-06-11 14:53:01 -0700},
	Date-Modified = {2020-06-11 14:53:01 -0700},
	Doi = {10.1093/gji/ggz152},
	Eprint = {https://academic.oup.com/gji/article-pdf/218/1/666/28578660/ggz152.pdf},
	Issn = {0956-540X},
	Journal = {Geophysical Journal International},
	Month = {03},
	Number = {1},
	Pages = {666-688},
	Title = {Sensitivity of constrained joint inversions to geological and petrophysical input data uncertainties with posterior geological analysis},
	Url = {https://doi.org/10.1093/gji/ggz152},
	Volume = {218},
	Year = {2019},
	Bdsk-Url-1 = {https://doi.org/10.1093/gji/ggz152}}

@incollection{PostInversionClustering3,
	Author = {Paasche, Hendrik},
	Booktitle = {{Integrated Imaging of the Earth}},
	Chapter = {5},
	Date-Added = {2020-06-11 14:53:01 -0700},
	Date-Modified = {2020-06-11 14:53:01 -0700},
	Doi = {10.1002/9781118929063.ch5},
	Eprint = {https://agupubs.onlinelibrary.wiley.com/doi/pdf/10.1002/9781118929063.ch5},
	Isbn = {9781118929063},
	Keywords = {artificial neural networks, cluster analyses, crosshole tomography, disparate geophysical models, model structure analyses, numerical integration, post-inversion integration},
	Pages = {69-91},
	Publisher = {American Geophysical Union (AGU)},
	Title = {{Post-Inversion Integration of Disparate Tomographic Models by Model Structure Analyses}},
	Url = {https://agupubs.onlinelibrary.wiley.com/doi/abs/10.1002/9781118929063.ch5},
	Year = {2016},
	Bdsk-Url-1 = {https://agupubs.onlinelibrary.wiley.com/doi/abs/10.1002/9781118929063.ch5},
	Bdsk-Url-2 = {https://doi.org/10.1002/9781118929063.ch5}}

@article{PostInversionClustering2,
	Author = {Cericia Martinez and Yaoguo Li},
	Date-Added = {2020-06-11 14:53:01 -0700},
	Date-Modified = {2020-06-11 14:53:01 -0700},
	Doi = {10.1190/INT-2014-0195.1},
	Eprint = {https://doi.org/10.1190/INT-2014-0195.1},
	Journal = {Interpretation},
	Number = {2},
	Pages = {SL1-SL13},
	Title = {{Lithologic characterization using airborne gravity gradient and aeromagnetic data for mineral exploration: A case study in the Quadril{\'a}tero Ferr{\'\i}fero, Brazil}},
	Url = {https://doi.org/10.1190/INT-2014-0195.1},
	Volume = {3},
	Year = {2015},
	Bdsk-Url-1 = {https://doi.org/10.1190/INT-2014-0195.1}}

@article{PostInversionClustering1,
	Author = {Hendrik Paasche and Jens Tronicke and Klaus Holliger and Alan G. Green and Hansruedi Maurer},
	Date-Added = {2020-06-11 14:53:01 -0700},
	Date-Modified = {2020-06-11 14:53:01 -0700},
	Doi = {10.1190/1.2192927},
	Eprint = {https://doi.org/10.1190/1.2192927},
	Journal = {Geophysics},
	Number = {3},
	Pages = {H33-H44},
	Title = {{Integration of diverse physical-property models: Subsurface zonation and petrophysical parameter estimation based on fuzzy c -means cluster analyses}},
	Url = {https://doi.org/10.1190/1.2192927},
	Volume = {71},
	Year = {2006},
	Bdsk-Url-1 = {https://doi.org/10.1190/1.2192927}}

@article{PostInversionClustering0,
	Author = {Maria Giulia Di Giuseppe and Antonio Troiano and Claudia Troise and Giuseppe De Natale},
	Date-Added = {2020-06-11 14:53:01 -0700},
	Date-Modified = {2020-06-11 14:53:01 -0700},
	Doi = {https://doi.org/10.1016/j.jappgeo.2013.12.004},
	Issn = {0926-9851},
	Journal = {Journal of Applied Geophysics},
	Keywords = {Magnetotelluric, Geological fault detection, Geostatistics, Seismic tomography},
	Pages = {108 - 115},
	Title = {{k-Means clustering as tool for multivariate geophysical data analysis. An application to shallow fault zone imaging}},
	Url = {http://www.sciencedirect.com/science/article/pii/S0926985113002814},
	Volume = {101},
	Year = {2014},
	Bdsk-Url-1 = {http://www.sciencedirect.com/science/article/pii/S0926985113002814},
	Bdsk-Url-2 = {https://doi.org/10.1016/j.jappgeo.2013.12.004}}

@article{GG,
	Author = {Bob Pawlowski},
	Date-Added = {2020-06-11 14:53:01 -0700},
	Date-Modified = {2020-06-11 14:53:01 -0700},
	Doi = {10.1190/1.1437820},
	Eprint = {https://doi.org/10.1190/1.1437820},
	Journal = {The Leading Edge},
	Number = {1},
	Pages = {51-52},
	Title = {{Gravity gradiometry in resource exploration}},
	Url = {https://doi.org/10.1190/1.1437820},
	Volume = {17},
	Year = {1998},
	Bdsk-Url-1 = {https://doi.org/10.1190/1.1437820}}

@article{Enkin,
	Author = {Enkin, Randolph J. and Hamilton, Tark S. and Morris, William A.},
	Date-Added = {2020-06-11 14:53:01 -0700},
	Date-Modified = {2020-06-11 14:53:01 -0700},
	Doi = {10.1029/2019GC008818},
	Eprint = {https://agupubs.onlinelibrary.wiley.com/doi/pdf/10.1029/2019GC008818},
	Journal = {Geochemistry, Geophysics, Geosystems},
	Keywords = {Density, Magnetic Susceptibility, Mineralogy, Petrophysics},
	Number = {1},
	Pages = {e2019GC008818},
	Title = {{The Henkel Petrophysical Plot: Mineralogy and Lithology From Physical Properties}},
	Url = {https://agupubs.onlinelibrary.wiley.com/doi/abs/10.1029/2019GC008818},
	Volume = {21},
	Year = {2020},
	Bdsk-Url-1 = {https://agupubs.onlinelibrary.wiley.com/doi/abs/10.1029/2019GC008818},
	Bdsk-Url-2 = {https://doi.org/10.1029/2019GC008818}}

@article{BetaAlphaEstimation,
	Author = {Jiajia Sun and Yaoguo Li},
	Date-Added = {2020-06-11 14:53:01 -0700},
	Date-Modified = {2020-06-11 14:53:01 -0700},
	Doi = {10.1190/geo2017-0844.1},
	Eprint = {https://doi.org/10.1190/geo2017-0844.1},
	Journal = {Geophysics},
	Number = {5},
	Pages = {J61-J73},
	Title = {{Magnetization clustering inversion --- Part 1: Building an automated numerical optimization algorithm}},
	Url = {https://doi.org/10.1190/geo2017-0844.1},
	Volume = {83},
	Year = {2018},
	Bdsk-Url-1 = {https://doi.org/10.1190/geo2017-0844.1}}

@article{SparseNorms2,
	Author = {Fournier, Dominique and Oldenburg, Douglas W},
	Date-Added = {2020-06-11 14:53:01 -0700},
	Date-Modified = {2020-06-11 14:53:01 -0700},
	Doi = {10.1093/gji/ggz156},
	Eprint = {http://oup.prod.sis.lan/gji/article-pdf/218/1/268/28461599/ggz156.pdf},
	Issn = {0956-540X},
	Journal = {Geophysical Journal International},
	Month = {03},
	Number = {1},
	Pages = {268-282},
	Title = {{Inversion using spatially variable mixed {$\ell$}p norms}},
	Url = {https://doi.org/10.1093/gji/ggz156},
	Volume = {218},
	Year = {2019},
	Bdsk-Url-1 = {https://doi.org/10.1093/gji/ggz156}}

@article{DOI,
	Author = {Oldenburg, Douglas W and Li, Yaoguo},
	Date-Added = {2020-06-11 14:53:01 -0700},
	Date-Modified = {2020-06-11 14:53:01 -0700},
	Journal = {Geophysics},
	Number = {2},
	Pages = {403--416},
	Publisher = {Society of Exploration Geophysicists},
	Title = {{Estimating depth of investigation in DC resistivity and IP surveys}},
	Volume = {64},
	Year = {1999}}

@article{Occam,
	Author = {Steven C. Constable and Robert L. Parker and Catherine G. Constable},
	Date-Added = {2020-06-11 14:53:01 -0700},
	Date-Modified = {2020-06-11 14:53:01 -0700},
	Doi = {10.1190/1.1442303},
	Eprint = {https://doi.org/10.1190/1.1442303},
	Journal = {Geophysics},
	Number = {3},
	Pages = {289-300},
	Title = {{Occam's inversion: A practical algorithm for generating smooth models from electromagnetic sounding data}},
	Url = {https://doi.org/10.1190/1.1442303},
	Volume = {52},
	Year = {1987},
	Bdsk-Url-1 = {https://doi.org/10.1190/1.1442303}}

@book{conjugateprior,
	Author = {Ra{\"\i}ffa, H. and Schlaifer, R.},
	Date-Added = {2020-06-11 14:53:01 -0700},
	Date-Modified = {2020-06-11 14:53:01 -0700},
	Isbn = {9780875840178},
	Lccn = {60011282},
	Publisher = {Division of Research, Graduate School of Business Administration, Harvard University},
	Series = {Studies in managerial economics},
	Title = {Applied statistical decision theory},
	Url = {https://books.google.ca/books?id=wPBLAAAAMAAJ},
	Year = {1961},
	Bdsk-Url-1 = {https://books.google.ca/books?id=wPBLAAAAMAAJ}}

@article{SeogiIP,
	Author = {Kang, Seogi and Oldenburg, Douglas W.},
	Date-Added = {2020-06-11 14:53:01 -0700},
	Date-Modified = {2020-06-11 14:53:01 -0700},
	Doi = {10.1111/1365-2478.12600},
	Eprint = {https://onlinelibrary.wiley.com/doi/pdf/10.1111/1365-2478.12600},
	Journal = {Geophysical Prospecting},
	Keywords = {EM, Induced polarisation, Inversion},
	Number = {S1},
	Pages = {74-86},
	Title = {{Time domain electromagnetic-induced polarisation: extracting more induced polarisation information from grounded source time domain electromagnetic data}},
	Url = {https://onlinelibrary.wiley.com/doi/abs/10.1111/1365-2478.12600},
	Volume = {66},
	Year = {2018},
	Bdsk-Url-1 = {https://onlinelibrary.wiley.com/doi/abs/10.1111/1365-2478.12600},
	Bdsk-Url-2 = {https://doi.org/10.1111/1365-2478.12600}}

@article{BelliveauIP,
	Author = {Patrick Belliveau and Eldad Haber},
	Date-Added = {2020-06-11 14:53:01 -0700},
	Date-Modified = {2020-06-11 14:53:01 -0700},
	Doi = {10.1190/geo2017-0494.1},
	Eprint = {https://doi.org/10.1190/geo2017-0494.1},
	Journal = {Geophysics},
	Number = {2},
	Pages = {WB109-WB121},
	Title = {{Coupled simulation of electromagnetic induction and induced polarization effects using stretched exponential relaxation}},
	Url = {https://doi.org/10.1190/geo2017-0494.1},
	Volume = {83},
	Year = {2018},
	Bdsk-Url-1 = {https://doi.org/10.1190/geo2017-0494.1}}

@inproceedings{Grabcut,
	Acmid = {1015720},
	Address = {New York, NY, USA},
	Author = {Rother, Carsten and Kolmogorov, Vladimir and Blake, Andrew},
	Booktitle = {{ACM SIGGRAPH 2004 Papers}},
	Date-Added = {2020-06-11 14:53:01 -0700},
	Date-Modified = {2020-06-11 14:53:01 -0700},
	Doi = {10.1145/1186562.1015720},
	Keywords = {Alpha Matting, Foreground extraction, Graph Cuts, Image Editing, Interactive Image Segmentation},
	Location = {Los Angeles, California},
	Numpages = {6},
	Pages = {309--314},
	Publisher = {ACM},
	Series = {SIGGRAPH '04},
	Title = {{"GrabCut": Interactive Foreground Extraction Using Iterated Graph Cuts}},
	Url = {http://doi.acm.org/10.1145/1186562.1015720},
	Year = {2004},
	Bdsk-Url-1 = {http://doi.acm.org/10.1145/1186562.1015720},
	Bdsk-Url-2 = {https://doi.org/10.1145/1186562.1015720}}

@article{MedicalImageSegmentationReview,
	Author = {Ali I{\c s}ƒ±n and Cem Direko{\u g}lu and Melike {\c S}ah},
	Date-Added = {2020-06-11 14:53:01 -0700},
	Date-Modified = {2020-06-11 14:53:01 -0700},
	Doi = {https://doi.org/10.1016/j.procs.2016.09.407},
	Issn = {1877-0509},
	Journal = {Procedia Computer Science},
	Keywords = {Review, image processing, deep learning, brain tumor segmentation, convolutional neural networks, mri},
	Note = {12th International Conference on Application of Fuzzy Systems and Soft Computing, ICAFS 2016, 29-30 August 2016, Vienna, Austria},
	Pages = {317 - 324},
	Title = {{Review of MRI-based Brain Tumor Image Segmentation Using Deep Learning Methods}},
	Url = {http://www.sciencedirect.com/science/article/pii/S187705091632587X},
	Volume = {102},
	Year = {2016},
	Bdsk-Url-1 = {http://www.sciencedirect.com/science/article/pii/S187705091632587X},
	Bdsk-Url-2 = {https://doi.org/10.1016/j.procs.2016.09.407}}

@article{LevelSetImageSegmentation,
	Author = {T. {Brox} and J. {Weickert}},
	Date-Added = {2020-06-11 14:53:01 -0700},
	Date-Modified = {2020-06-11 14:53:01 -0700},
	Doi = {10.1109/TIP.2006.877481},
	Issn = {1057-7149},
	Journal = {IEEE Transactions on Image Processing},
	Keywords = {image segmentation;level set segmentation;active contours;multiple regions;image segmentation;Level set;Image segmentation;Active contours;Region 10;Image processing;Bayesian methods;Image restoration;Pixel;Probability density function;Joining processes;Active-contour and level-set-based methods;SEG-ACLS image segmentation;Algorithms;Artificial Intelligence;Image Enhancement;Image Interpretation, Computer-Assisted;Information Storage and Retrieval;Pattern Recognition, Automated},
	Month = {Oct},
	Number = {10},
	Pages = {3213-3218},
	Title = {Level Set Segmentation With Multiple Regions},
	Volume = {15},
	Year = {2006},
	Bdsk-Url-1 = {https://doi.org/10.1109/TIP.2006.877481}}

@article{gempy,
	Author = {de la Varga, M. and Schaaf, A. and Wellmann, F.},
	Date-Added = {2020-06-11 14:53:01 -0700},
	Date-Modified = {2020-06-11 14:53:01 -0700},
	Doi = {10.5194/gmd-12-1-2019},
	Journal = {Geoscientific Model Development},
	Number = {1},
	Pages = {1--32},
	Title = {{GemPy 1.0: open-source stochastic geological modeling and inversion}},
	Url = {https://www.geosci-model-dev.net/12/1/2019/},
	Volume = {12},
	Year = {2019},
	Bdsk-Url-1 = {https://www.geosci-model-dev.net/12/1/2019/},
	Bdsk-Url-2 = {https://doi.org/10.5194/gmd-12-1-2019}}

@article{Nguyen,
	Author = {Nguyen, Thanh M. and Wu, Q. M. Jonathan},
	Date-Added = {2020-06-11 14:53:01 -0700},
	Date-Modified = {2020-06-11 14:53:01 -0700},
	Doi = {10.1109/TCSVT.2012.2211176},
	Journal = {Circuits and Systems for Video Technology, IEEE Transactions on},
	Month = {04},
	Pages = {621-635},
	Title = {{Fast and Robust Spatially Constrained Gaussian Mixture Model for Image Segmentation}},
	Volume = {23},
	Year = {2013},
	Bdsk-Url-1 = {https://doi.org/10.1109/TCSVT.2012.2211176}}

@article{Zhdanov,
	Author = {Michael S. Zhdanov and Wei Lin},
	Date-Added = {2020-06-11 14:53:01 -0700},
	Date-Modified = {2020-06-11 14:53:01 -0700},
	Doi = {10.1190/geo2016-0451.1},
	Eprint = {https://doi.org/10.1190/geo2016-0451.1},
	Journal = {Geophysics},
	Number = {6},
	Pages = {G101-G114},
	Title = {{Adaptive multinary inversion of gravity and gravity gradiometry data}},
	Url = {https://doi.org/10.1190/geo2016-0451.1},
	Volume = {82},
	Year = {2017},
	Bdsk-Url-1 = {https://doi.org/10.1190/geo2016-0451.1}}

@article{doi:10.1190/1.3496476,
	Author = {Joseph Doetsch and Niklas Linde and Ilaria Coscia and Stewart A. Greenhalgh and Alan G. Green},
	Date-Added = {2020-06-11 14:53:01 -0700},
	Date-Modified = {2020-06-11 14:53:01 -0700},
	Doi = {10.1190/1.3496476},
	Eprint = {https://doi.org/10.1190/1.3496476},
	Journal = {Geophysics},
	Number = {6},
	Pages = {G53-G64},
	Title = {{Zonation for 3D aquifer characterization based on joint inversions of multimethod crosshole geophysical data}},
	Url = {https://doi.org/10.1190/1.3496476},
	Volume = {75},
	Year = {2010},
	Bdsk-Url-1 = {https://doi.org/10.1190/1.3496476}}

@inproceedings{AlineKmeans,
	Author = {Aline Melo and Yaoguo Li},
	Booktitle = {{SEG Technical Program Expanded Abstracts 2016}},
	Date-Added = {2020-06-11 14:53:01 -0700},
	Date-Modified = {2020-06-11 14:53:01 -0700},
	Doi = {10.1190/segam2016-13863735.1},
	Eprint = {https://library.seg.org/doi/pdf/10.1190/segam2016-13863735.1},
	Pages = {2180-2184},
	Title = {{Geological characterization applying k-means clustering to 3D magnetic, gravity gradient, and DC resistivity inversions: A case study at an iron oxide copper gold (IOCG) deposit}},
	Url = {https://library.seg.org/doi/abs/10.1190/segam2016-13863735.1},
	Year = {2016},
	Bdsk-Url-1 = {https://library.seg.org/doi/abs/10.1190/segam2016-13863735.1},
	Bdsk-Url-2 = {https://doi.org/10.1190/segam2016-13863735.1}}

@book{NoceWrig06,
	Address = {New York, NY, USA},
	Author = {Jorge Nocedal and Stephen J. Wright},
	Date-Added = {2020-06-11 14:53:01 -0700},
	Date-Modified = {2020-06-11 14:53:01 -0700},
	Edition = {second},
	Publisher = {Springer},
	Title = {Numerical Optimization},
	Year = {2006}}

@misc{PGIexamples,
	Author = {Thibaut Astic},
	Date-Added = {2020-06-11 14:53:01 -0700},
	Date-Modified = {2020-06-11 14:53:01 -0700},
	Doi = {10.5281/zenodo.2564169},
	Howpublished = {\url{https://doi.org/10.5281/zenodo.2564169}},
	Month = {feb},
	Note = {Accessed: 2019-02-14},
	Title = {{Open source software for petrophysically and geologically guided geophysical inversion}},
	Url = {https://doi.org/10.5281/zenodo.2564169},
	Year = {2019},
	Bdsk-Url-1 = {https://doi.org/10.5281/zenodo.2564169}}

@article{Perez2015,
	Author = {Perez, Fernando and Berkeley, Lawrence and Granger, Brian E},
	Date-Added = {2020-06-11 14:53:01 -0700},
	Date-Modified = {2020-06-11 14:53:01 -0700},
	File = {:Users/lindseyjh/Documents/Research/Library/JupyterGrantNarrative-2015.pdf:pdf},
	Number = {April},
	Pages = {1--24},
	Title = {{Project Jupyter : Computational Narratives as the Engine of Collaborative Data Science}},
	Year = {2015}}

@conference{Jupyter,
	Author = {Thomas Kluyver and Benjamin Ragan-Kelley and Fernando P{\'e}rez and Brian Granger and Matthias Bussonnier and Jonathan Frederic and Kyle Kelley and Jessica Hamrick and Jason Grout and Sylvain Corlay and Paul Ivanov and Dami{\'a}n Avila and Safia Abdalla and Carol Willing},
	Booktitle = {Positioning and Power in Academic Publishing: Players, Agents and Agendas},
	Date-Added = {2020-06-11 14:53:01 -0700},
	Date-Modified = {2020-06-11 14:53:01 -0700},
	Editor = {F. Loizides and B. Schmidt},
	Organization = {IOS Press},
	Pages = {87 - 90},
	Title = {Jupyter Notebooks -- a publishing format for reproducible computational workflows},
	Year = {2016}}

@misc{Yang2017,
	Author = {Dikun Yang},
	Date-Added = {2020-06-11 14:53:01 -0700},
	Date-Modified = {2020-06-11 14:53:01 -0700},
	Doi = {10.6084/m9.figshare.5071573.v1},
	Howpublished = {\url{https://figshare.com/articles/Airborne_electromagnetic_data_inversion_for_floodplain_salinization_investigation_at_Bookpurnong_South_Australia/5071573"}},
	Month = {6},
	Note = {Accessed: 2019-02-01},
	Title = {{Airborne electromagnetic data inversion for floodplain salinization investigation at Bookpurnong, South Australia}},
	Url = {https://figshare.com/articles/Airborne_electromagnetic_data_inversion_for_floodplain_salinization_investigation_at_Bookpurnong_South_Australia/5071573},
	Year = {2017},
	Bdsk-Url-1 = {https://figshare.com/articles/Airborne_electromagnetic_data_inversion_for_floodplain_salinization_investigation_at_Bookpurnong_South_Australia/5071573},
	Bdsk-Url-2 = {https://doi.org/10.6084/m9.figshare.5071573.v1}}

@misc{EMGeoSci,
	Author = {{GeoSci.xyz Project} and Douglas W. Oldenburg and Lindsey J. Heagy and Seogi Kang and Devin C. Cowan and Dominique Fournier and Thibaut Astic and Sarah Devriese and Dikun Yang and Sanna Tyrv{\"a}inen and Ronghua Peng and Patrick Belliveau and Luz Ang{\'e}lica Caudillo-Mata and Daniel Bild-Enkin and Mike McMillan and Gu{\~d}ni Karl Rosenkj{\ae}r and Rowan Cockett and Michael Mitchell},
	Date-Added = {2020-06-11 14:53:01 -0700},
	Date-Modified = {2020-06-11 14:53:01 -0700},
	Doi = {10.5281/zenodo.2548027},
	Howpublished = {\url{https://em.geosci.xyz}},
	Note = {Accessed: 2019-02-01},
	Title = {E{M} {G}eo{S}ci: A online textbook for electromagnetic geophysics},
	Url = {https://em.geosci.xyz},
	Urldate = {2019-02-01},
	Year = {2015},
	Bdsk-Url-1 = {https://em.geosci.xyz},
	Bdsk-Url-2 = {https://doi.org/10.5281/zenodo.2548027}}

@inproceedings{SparseNorms,
	Author = {Dominique Fournier and Douglas Oldenburg and Kristofer Davis},
	Booktitle = {{SEG Technical Program Expanded Abstracts 2016}},
	Date-Added = {2020-06-11 14:53:01 -0700},
	Date-Modified = {2020-06-11 14:53:01 -0700},
	Doi = {10.1190/segam2016-13821093.1},
	Eprint = {https://library.seg.org/doi/pdf/10.1190/segam2016-13821093.1},
	Pages = {1542-1547},
	Title = {{Robust and flexible mixed-norm inversion}},
	Url = {https://library.seg.org/doi/abs/10.1190/segam2016-13821093.1},
	Year = {2016},
	Bdsk-Url-1 = {https://library.seg.org/doi/abs/10.1190/segam2016-13821093.1},
	Bdsk-Url-2 = {https://doi.org/10.1190/segam2016-13821093.1}}

@incollection{WardandHohmann,
	Author = {Stanley H. Ward and Gerald W. Hohmann},
	Booktitle = {{Electromagnetic Methods in Applied Geophysics}},
	Chapter = {4},
	Date-Added = {2020-06-11 14:53:01 -0700},
	Date-Modified = {2020-06-11 14:53:01 -0700},
	Doi = {10.1190/1.9781560802631.ch4},
	Eprint = {https://library.seg.org/doi/pdf/10.1190/1.9781560802631.ch4},
	Pages = {130-311},
	Title = {{Electromagnetic Theory for Geophysical Applications}},
	Url = {https://library.seg.org/doi/abs/10.1190/1.9781560802631.ch4},
	Year = {1988},
	Bdsk-Url-1 = {https://library.seg.org/doi/abs/10.1190/1.9781560802631.ch4},
	Bdsk-Url-2 = {https://doi.org/10.1190/1.9781560802631.ch4}}

@inproceedings{SensW,
	Author = {Salah Mehanee and Nikolay Golubev and Michael S. Zhdanov},
	Booktitle = {{SEG Technical Program Expanded Abstracts 1998}},
	Date-Added = {2020-06-11 14:53:01 -0700},
	Date-Modified = {2020-06-11 14:53:01 -0700},
	Doi = {10.1190/1.1820468},
	Eprint = {https://library.seg.org/doi/pdf/10.1190/1.1820468},
	Pages = {481-484},
	Title = {{Weighted regularized inversion of magnetotelluric data}},
	Url = {https://library.seg.org/doi/abs/10.1190/1.1820468},
	Year = {2005},
	Bdsk-Url-1 = {https://library.seg.org/doi/abs/10.1190/1.1820468},
	Bdsk-Url-2 = {https://doi.org/10.1190/1.1820468}}

@article{QuasiGeologicalModel,
	Author = {Yaoguo Li and Aline Melo and Cericia Martinez and Jiajia Sun},
	Date-Added = {2020-06-11 14:53:01 -0700},
	Date-Modified = {2020-06-11 14:53:01 -0700},
	Doi = {10.1190/tle38010060.1},
	Eprint = {https://doi.org/10.1190/tle38010060.1},
	Journal = {The Leading Edge},
	Number = {1},
	Pages = {60-66},
	Title = {{Geology differentiation: A new frontier in quantitative geophysical interpretation in mineral exploration}},
	Url = {https://doi.org/10.1190/tle38010060.1},
	Volume = {38},
	Year = {2019},
	Bdsk-Url-1 = {https://doi.org/10.1190/tle38010060.1}}

@inproceedings{SimPEGEM1DPoster,
	Author = {Seogi Kang and Lindsey J. Heagy and Rowan Cockett and Douglas W. Oldenburg},
	Booktitle = {{2018 AGU Fall Meeting}},
	Date-Added = {2020-06-11 14:53:01 -0700},
	Date-Modified = {2020-06-11 14:53:01 -0700},
	Month = {December},
	Organization = {American Geophysical Union},
	Title = {{SimPEG-EM1D: Gradient-Based 1D Inversion Software for Large-Scale Airborne Electromagnetic Data}},
	Url = {https://agu.confex.com/agu/fm18/prelim.cgi/Paper/462114},
	Year = {2018},
	Bdsk-Url-1 = {https://agu.confex.com/agu/fm18/prelim.cgi/Paper/462114}}

@article{Parker,
	Author = {Parker, R L},
	Date-Added = {2020-06-11 14:53:01 -0700},
	Date-Modified = {2020-06-11 14:53:01 -0700},
	Doi = {10.1146/annurev.ea.05.050177.000343},
	Eprint = {https://doi.org/10.1146/annurev.ea.05.050177.000343},
	Journal = {Annual Review of Earth and Planetary Sciences},
	Number = {1},
	Pages = {35-64},
	Title = {{Understanding Inverse Theory}},
	Url = {https://doi.org/10.1146/annurev.ea.05.050177.000343},
	Volume = {5},
	Year = {1977},
	Bdsk-Url-1 = {https://doi.org/10.1146/annurev.ea.05.050177.000343}}

@inproceedings{schermerhorngeothermal,
	Author = {Schermerhorn, William D and Ritzinger, Brent and Anderson, Megan and Witter, Jeff and Glen, Jonathan and Forson, Corina and Stelling, Pete and Fournier, Dominique},
	Booksubtitle = {SGP-TR-212},
	Booktitle = {42nd Workshop on Geothermal Reservoir Engineering},
	Date-Added = {2020-06-11 14:53:01 -0700},
	Date-Modified = {2020-06-11 14:53:01 -0700},
	Day = {13-15},
	Eventdate = {2017-02-13/2017-02-15},
	Location = {Stanford University, Stanford, California},
	Month = {February},
	Title = {Geothermal Exploration of Mount Baker Hot Springs Through Ground-Based Magnetic and Gravity Surveys},
	Year = {2017}}

@article{tle-MT1D,
	Author = {Seogi Kang and Lindsey J. Heagy and Rowan Cockett and Douglas W. Oldenburg},
	Date-Added = {2020-06-11 14:53:01 -0700},
	Date-Modified = {2020-06-11 14:53:01 -0700},
	Doi = {10.1190/tle36080696.1},
	Eprint = {https://doi.org/10.1190/tle36080696.1},
	Journal = {The Leading Edge},
	Number = {8},
	Pages = {696-699},
	Title = {{Exploring nonlinear inversions: A 1D magnetotelluric example}},
	Url = {https://doi.org/10.1190/tle36080696.1},
	Volume = {36},
	Year = {2017},
	Bdsk-Url-1 = {https://doi.org/10.1190/tle36080696.1}}

@inproceedings{SeogiMapping,
	Author = {Seogi Kang and Rowan Cockett and Lindsey J. Heagy and Douglas W. Oldenburg},
	Booktitle = {{SEG Technical Program Expanded Abstracts 2015}},
	Date-Added = {2020-06-11 14:53:01 -0700},
	Date-Modified = {2020-06-11 14:53:01 -0700},
	Doi = {10.1190/segam2015-5930379.1},
	Eprint = {https://library.seg.org/doi/pdf/10.1190/segam2015-5930379.1},
	Pages = {5000-5004},
	Title = {{Moving between dimensions in electromagnetic inversions}},
	Url = {https://library.seg.org/doi/abs/10.1190/segam2015-5930379.1},
	Year = {2015},
	Bdsk-Url-1 = {https://library.seg.org/doi/abs/10.1190/segam2015-5930379.1},
	Bdsk-Url-2 = {https://doi.org/10.1190/segam2015-5930379.1}}

@article{Viezzoli2008,
	Author = {Andrea Viezzoli and Anders Vest Christiansen and Esben Auken and Kurt S{\o}rensen},
	Date-Added = {2020-06-11 14:53:01 -0700},
	Date-Modified = {2020-06-11 14:53:01 -0700},
	Doi = {10.1190/1.2895521},
	Eprint = {https://doi.org/10.1190/1.2895521},
	Journal = {Geophysics},
	Number = {3},
	Pages = {F105-F113},
	Title = {{Quasi-3D modeling of airborne TEM data by spatially constrained inversion}},
	Url = {https://doi.org/10.1190/1.2895521},
	Volume = {73},
	Year = {2008},
	Bdsk-Url-1 = {https://doi.org/10.1190/1.2895521}}

@article{viezzoli2010,
	Author = {Viezzoli, Andrea and Munday, Tim and Auken, Esben and Christiansen, Anders V},
	Date-Added = {2020-06-11 14:53:01 -0700},
	Date-Modified = {2020-06-11 14:53:01 -0700},
	Doi = {10.1071/PVv2010n149p23},
	Eprint = {https://doi.org/10.1071/PVv2010n149p23},
	Journal = {Preview},
	Number = {149},
	Pages = {23-31},
	Publisher = {Taylor & Francis},
	Title = {{Accurate quasi 3D versus practical full 3D inversion of AEM data -- the Bookpurnong case study}},
	Url = {https://doi.org/10.1071/PVv2010n149p23},
	Volume = {2010},
	Year = {2010},
	Bdsk-Url-1 = {https://doi.org/10.1071/PVv2010n149p23}}

@article{Bookpurnong,
	Author = {Andrea Viezzoli and Esben Auken and Tim Munday},
	Date-Added = {2020-06-11 14:53:01 -0700},
	Date-Modified = {2020-06-11 14:53:01 -0700},
	Doi = {10.1071/EG08027},
	Eprint = {https://library.seg.org/doi/pdf/10.1071/EG08027},
	Journal = {Exploration Geophysics},
	Number = {2},
	Pages = {173-183},
	Title = {{Spatially constrained inversion for quasi 3D modelling of airborne electromagnetic data -- an application for environmental assessment in the Lower Murray Region of South Australia}},
	Url = {https://library.seg.org/doi/abs/10.1071/EG08027},
	Volume = {40},
	Year = {2009},
	Bdsk-Url-1 = {https://library.seg.org/doi/abs/10.1071/EG08027},
	Bdsk-Url-2 = {https://doi.org/10.1071/EG08027}}

@article{scikit-learn,
	Author = {Pedregosa, F. and Varoquaux, G. and Gramfort, A. and Michel, V. and Thirion, B. and Grisel, O. and Blondel, M. and Prettenhofer, P. and Weiss, R. and Dubourg, V. and Vanderplas, J. and Passos, A. and Cournapeau, D. and Brucher, M. and Perrot, M. and Duchesnay, E.},
	Date-Added = {2020-06-11 14:53:01 -0700},
	Date-Modified = {2020-06-11 14:53:01 -0700},
	Journal = {Journal of Machine Learning Research},
	Pages = {2825--2830},
	Title = {{Scikit-learn: Machine Learning in Python}},
	Volume = {12},
	Year = {2011}}

@inproceedings{BookyExperiment,
	Author = {Holland, Kate and Jolly, Ian and McEwan, KL and White, M and Berens, V and Souter, Nicholas and Osmond, Glen},
	Booktitle = {{2nd International Salinity Forum; 31 March - 3 April 2008}},
	Date-Added = {2020-06-11 14:53:01 -0700},
	Date-Modified = {2020-06-11 14:53:01 -0700},
	Month = {April},
	Title = {{The 'Bookpurnong Experiment': will groundwater management and flooding improve the health of the floodplain vegetation?}},
	Year = {2008}}

@inproceedings{BIC1998,
	Author = {Scott Shaobing Chen and P. S. Gopalakrishnan},
	Booktitle = {Proceedings of the 1998 IEEE International Conference on Acoustics, Speech and Signal Processing, ICASSP '98 (Cat. No.98CH36181)},
	Date-Added = {2020-06-11 14:53:01 -0700},
	Date-Modified = {2020-06-11 14:53:01 -0700},
	Doi = {10.1109/ICASSP.1998.675347},
	Issn = {1520-6149},
	Keywords = {speech recognition;Bayes methods;pattern classification;statistical analysis;information theory;Gaussian processes;greedy Bayesian information criterion;speech recognition;clustering analysis;model selection;statistics;termination criterion;hierarchical clustering methods;automatic algorithms;experiments;Gaussian mixture modeling;speaker clustering;data complexity;Bayesian methods;Speech recognition;Clustering algorithms;Statistics;Optimization methods;Hidden Markov models;Clustering methods;Data analysis;Merging;Gaussian processes},
	Month = {May},
	Pages = {645-648 vol.2},
	Title = {{Clustering via the Bayesian information criterion with applications in speech recognition}},
	Volume = {2},
	Year = {1998},
	Bdsk-Url-1 = {https://doi.org/10.1109/ICASSP.1998.675347}}

@article{Miller2017,
	Author = {Craig A. Miller and Glyn Williams-Jones and Dominique Fournier and Jeff Witter},
	Date-Added = {2020-06-11 14:53:01 -0700},
	Date-Modified = {2020-06-11 14:53:01 -0700},
	Doi = {https://doi.org/10.1016/j.epsl.2016.11.007},
	Issn = {0012-821X},
	Journal = {Earth and Planetary Science Letters},
	Keywords = {Bouguer gravity, inversion, MELTS, rhyolite, thermodynamics, volatiles},
	Pages = {14 - 27},
	Title = {{3D gravity inversion and thermodynamic modelling reveal properties of shallow silicic magma reservoir beneath Laguna del Maule, Chile}},
	Url = {http://www.sciencedirect.com/science/article/pii/S0012821X16306410},
	Volume = {459},
	Year = {2017},
	Bdsk-Url-1 = {http://www.sciencedirect.com/science/article/pii/S0012821X16306410},
	Bdsk-Url-2 = {https://doi.org/10.1016/j.epsl.2016.11.007}}

@inproceedings{Astic2018b,
	Author = {Thibaut Astic and Douglas W. Oldenburg},
	Booktitle = {{SEG Technical Program Expanded Abstracts 2018}},
	Date-Added = {2020-06-11 14:53:01 -0700},
	Date-Modified = {2020-06-11 14:53:01 -0700},
	Doi = {10.1190/segam2018-2995155.1},
	Eprint = {https://library.seg.org/doi/pdf/10.1190/segam2018-2995155.1},
	Pages = {2312-2316},
	Title = {{Petrophysically guided geophysical inversion using a dynamic Gaussian mixture model prior}},
	Url = {https://library.seg.org/doi/abs/10.1190/segam2018-2995155.1},
	Year = {2018},
	Bdsk-Url-1 = {https://library.seg.org/doi/abs/10.1190/segam2018-2995155.1},
	Bdsk-Url-2 = {https://doi.org/10.1190/segam2018-2995155.1}}

@article{Astic2018,
	Author = {Astic, Thibaut and Chouteau, Michel},
	Date-Added = {2020-06-11 14:53:01 -0700},
	Date-Modified = {2020-06-11 14:53:01 -0700},
	Doi = {10.1139/cjes-2018-0049},
	Eprint = {https://doi.org/10.1139/cjes-2018-0049},
	Journal = {Canadian Journal of Earth Sciences},
	Number = {5},
	Pages = {471-482},
	Title = {Geological interpretation of the northern flank of the {M}atagami camp, {Q}u{\'e}bec, using gravity and magnetic inversions},
	Url = {https://doi.org/10.1139/cjes-2018-0049},
	Volume = {56},
	Year = {2019},
	Bdsk-Url-1 = {https://doi.org/10.1139/cjes-2018-0049}}

@article{betachoice2004,
	Author = {Farquharson, Colin G. and Oldenburg, Douglas W.},
	Date-Added = {2020-06-11 14:53:01 -0700},
	Date-Modified = {2020-06-11 14:53:01 -0700},
	Doi = {10.1111/j.1365-246X.2004.02190.x},
	Eprint = {/oup/backfile/content_public/journal/gji/156/3/10.1111/j.1365-246x.2004.02190.x/2/156-3-411.pdf},
	Journal = {Geophysical Journal International},
	Number = {3},
	Pages = {411-425},
	Title = {{A comparison of automatic techniques for estimating the regularization parameter in non-linear inverse problems}},
	Url = {http://dx.doi.org/10.1111/j.1365-246X.2004.02190.x},
	Volume = {156},
	Year = {2004},
	Bdsk-Url-1 = {http://dx.doi.org/10.1111/j.1365-246X.2004.02190.x}}

@mastersthesis{Fournier2015,
	Author = {Fournier, Dominique},
	Collection = {Electronic Theses and Dissertations (ETDs) 2008+},
	Date-Added = {2020-06-11 14:53:01 -0700},
	Date-Modified = {2020-06-11 14:53:01 -0700},
	Doi = {http://dx.doi.org/10.14288/1.0166794},
	School = {University of British Columbia},
	Series = {Electronic Theses and Dissertations (ETDs) 2008+},
	Title = {A cooperative magnetic inversion method with Lp-norm regularization},
	Url = {https://open.library.ubc.ca/cIRcle/collections/24/items/1.0166794},
	Year = {2015},
	Bdsk-Url-1 = {https://open.library.ubc.ca/cIRcle/collections/24/items/1.0166794},
	Bdsk-Url-2 = {http://dx.doi.org/10.14288/1.0166794}}

@book{Ascher2011,
	Address = {Philadelphia, PA},
	Author = {Ascher, U. and Greif, C.},
	Date-Added = {2020-06-11 14:53:01 -0700},
	Date-Modified = {2020-06-11 14:53:01 -0700},
	Doi = {10.1137/9780898719987},
	Eprint = {https://epubs.siam.org/doi/pdf/10.1137/9780898719987},
	Publisher = {Society for Industrial and Applied Mathematics},
	Title = {{A First Course in Numerical Methods}},
	Url = {https://epubs.siam.org/doi/abs/10.1137/9780898719987},
	Year = {2011},
	Bdsk-Url-1 = {https://epubs.siam.org/doi/abs/10.1137/9780898719987},
	Bdsk-Url-2 = {https://doi.org/10.1137/9780898719987}}

@article{McAuslan2015,
	Author = {Angela Carter-McAuslan and Peter G. Leli{\`e}vre and Colin G. Farquharson},
	Date-Added = {2020-06-11 14:53:01 -0700},
	Date-Modified = {2020-06-11 14:53:01 -0700},
	Doi = {10.1190/geo2014-0056.1},
	Eprint = {https://doi.org/10.1190/geo2014-0056.1},
	Journal = {Geophysics},
	Number = {1},
	Pages = {W1-W15},
	Title = {{A study of fuzzy c-means coupling for joint inversion, using seismic tomography and gravity data test scenarios}},
	Url = {https://doi.org/10.1190/geo2014-0056.1},
	Volume = {80},
	Year = {2015},
	Bdsk-Url-1 = {https://doi.org/10.1190/geo2014-0056.1}}

@inbook{HaberBook2014.fm,
	Author = {Eldad Haber},
	Booktitle = {{Computational Methods in Geophysical Electromagnetics}},
	Date-Added = {2020-06-11 14:53:01 -0700},
	Date-Modified = {2020-06-11 14:53:01 -0700},
	Doi = {10.1137/1.9781611973808.fm},
	Eprint = {https://epubs.siam.org/doi/pdf/10.1137/1.9781611973808.fm},
	Pages = {i-ix},
	Title = {{Front Matter}},
	Url = {https://epubs.siam.org/doi/abs/10.1137/1.9781611973808.fm},
	Year = {2014},
	Bdsk-Url-1 = {https://epubs.siam.org/doi/abs/10.1137/1.9781611973808.fm},
	Bdsk-Url-2 = {https://doi.org/10.1137/1.9781611973808.fm}}

@inbook{HaberBook2014.ch1,
	Author = {Eldad Haber},
	Booktitle = {{Computational Methods in Geophysical Electromagnetics}},
	Chapter = {1},
	Date-Added = {2020-06-11 14:53:01 -0700},
	Date-Modified = {2020-06-11 14:53:01 -0700},
	Doi = {10.1137/1.9781611973808.ch1},
	Eprint = {https://epubs.siam.org/doi/pdf/10.1137/1.9781611973808.ch1},
	Pages = {1-20},
	Title = {{Chapter 1: Maxwell's Equations and Their Geophysical Applications}},
	Url = {https://epubs.siam.org/doi/abs/10.1137/1.9781611973808.ch1},
	Year = {2014},
	Bdsk-Url-1 = {https://epubs.siam.org/doi/abs/10.1137/1.9781611973808.ch1},
	Bdsk-Url-2 = {https://doi.org/10.1137/1.9781611973808.ch1}}

@inbook{HaberBook2014.ch2,
	Author = {Eldad Haber},
	Booktitle = {{Computational Methods in Geophysical Electromagnetics}},
	Chapter = {2},
	Date-Added = {2020-06-11 14:53:01 -0700},
	Date-Modified = {2020-06-11 14:53:01 -0700},
	Doi = {10.1137/1.9781611973808.ch2},
	Eprint = {https://epubs.siam.org/doi/pdf/10.1137/1.9781611973808.ch2},
	Pages = {21-30},
	Title = {{Chapter 2: The Finite Volume Method in 1D and Its Application to Maxwell's Equations}},
	Url = {https://epubs.siam.org/doi/abs/10.1137/1.9781611973808.ch2},
	Year = {2014},
	Bdsk-Url-1 = {https://epubs.siam.org/doi/abs/10.1137/1.9781611973808.ch2},
	Bdsk-Url-2 = {https://doi.org/10.1137/1.9781611973808.ch2}}

@inbook{HaberBook2014.ch3,
	Author = {Eldad Haber},
	Booktitle = {{Computational Methods in Geophysical Electromagnetics}},
	Chapter = {3},
	Date-Added = {2020-06-11 14:53:01 -0700},
	Date-Modified = {2020-06-11 14:53:01 -0700},
	Doi = {10.1137/1.9781611973808.ch3},
	Eprint = {https://epubs.siam.org/doi/pdf/10.1137/1.9781611973808.ch3},
	Pages = {31-49},
	Title = {{Chapter 3: Finite Volume Discretization in 3D}},
	Url = {https://epubs.siam.org/doi/abs/10.1137/1.9781611973808.ch3},
	Year = {2014},
	Bdsk-Url-1 = {https://epubs.siam.org/doi/abs/10.1137/1.9781611973808.ch3},
	Bdsk-Url-2 = {https://doi.org/10.1137/1.9781611973808.ch3}}

@inbook{HaberBook2014.ch4,
	Author = {Eldad Haber},
	Booktitle = {{Computational Methods in Geophysical Electromagnetics}},
	Chapter = {4},
	Date-Added = {2020-06-11 14:53:01 -0700},
	Date-Modified = {2020-06-11 14:53:01 -0700},
	Doi = {10.1137/1.9781611973808.ch4},
	Eprint = {https://epubs.siam.org/doi/pdf/10.1137/1.9781611973808.ch4},
	Pages = {51-76},
	Title = {{Chapter 4: Discretization of Maxwell's Equations}},
	Url = {https://epubs.siam.org/doi/abs/10.1137/1.9781611973808.ch4},
	Year = {2014},
	Bdsk-Url-1 = {https://epubs.siam.org/doi/abs/10.1137/1.9781611973808.ch4},
	Bdsk-Url-2 = {https://doi.org/10.1137/1.9781611973808.ch4}}

@inbook{HaberBook2014.ch5,
	Author = {Eldad Haber},
	Booktitle = {{Computational Methods in Geophysical Electromagnetics}},
	Chapter = {5},
	Date-Added = {2020-06-11 14:53:01 -0700},
	Date-Modified = {2020-06-11 14:53:01 -0700},
	Doi = {10.1137/1.9781611973808.ch5},
	Eprint = {https://epubs.siam.org/doi/pdf/10.1137/1.9781611973808.ch5},
	Pages = {77-90},
	Title = {{Chapter 5: Sensitivity Calculation}},
	Url = {https://epubs.siam.org/doi/abs/10.1137/1.9781611973808.ch5},
	Year = {2014},
	Bdsk-Url-1 = {https://epubs.siam.org/doi/abs/10.1137/1.9781611973808.ch5},
	Bdsk-Url-2 = {https://doi.org/10.1137/1.9781611973808.ch5}}

@inbook{HaberBook2014.ch6,
	Author = {Eldad Haber},
	Booktitle = {{Computational Methods in Geophysical Electromagnetics}},
	Chapter = {6},
	Date-Added = {2020-06-11 14:53:01 -0700},
	Date-Modified = {2020-06-11 14:53:01 -0700},
	Doi = {10.1137/1.9781611973808.ch6},
	Eprint = {https://epubs.siam.org/doi/pdf/10.1137/1.9781611973808.ch6},
	Pages = {91-118},
	Title = {{Computational Methods in Geophysical Electromagnetics. Chapter 6: Data Fitting, Regularization, and Inversion}},
	Url = {https://epubs.siam.org/doi/abs/10.1137/1.9781611973808.ch6},
	Year = {2014},
	Bdsk-Url-1 = {https://epubs.siam.org/doi/abs/10.1137/1.9781611973808.ch6},
	Bdsk-Url-2 = {https://doi.org/10.1137/1.9781611973808.ch6}}

@inbook{HaberBook2014.ch7,
	Author = {Eldad Haber},
	Booktitle = {{Computational Methods in Geophysical Electromagnetics}},
	Chapter = {7},
	Date-Added = {2020-06-11 14:53:01 -0700},
	Date-Modified = {2020-06-11 14:53:01 -0700},
	Doi = {10.1137/1.9781611973808.ch7},
	Eprint = {https://epubs.siam.org/doi/pdf/10.1137/1.9781611973808.ch7},
	Pages = {119-127},
	Title = {{Chapter 7: Large Scale Problems and Problems with Many Sources}},
	Url = {https://epubs.siam.org/doi/abs/10.1137/1.9781611973808.ch7},
	Year = {2014},
	Bdsk-Url-1 = {https://epubs.siam.org/doi/abs/10.1137/1.9781611973808.ch7},
	Bdsk-Url-2 = {https://doi.org/10.1137/1.9781611973808.ch7}}

@inbook{HaberBook2014.ch8,
	Author = {Eldad Haber},
	Booktitle = {{Computational Methods in Geophysical Electromagnetics}},
	Chapter = {8},
	Date-Added = {2020-06-11 14:53:01 -0700},
	Date-Modified = {2020-06-11 14:53:01 -0700},
	Doi = {10.1137/1.9781611973808.ch8},
	Eprint = {https://epubs.siam.org/doi/pdf/10.1137/1.9781611973808.ch8},
	Pages = {129-135},
	Title = {{Chapter 8: Inversion in Practice}},
	Url = {https://epubs.siam.org/doi/abs/10.1137/1.9781611973808.ch8},
	Year = {2014},
	Bdsk-Url-1 = {https://epubs.siam.org/doi/abs/10.1137/1.9781611973808.ch8},
	Bdsk-Url-2 = {https://doi.org/10.1137/1.9781611973808.ch8}}

@inbook{HaberBook2014.bm,
	Author = {Eldad Haber},
	Booktitle = {{Computational Methods in Geophysical Electromagnetics}},
	Date-Added = {2020-06-11 14:53:01 -0700},
	Date-Modified = {2020-06-11 14:53:01 -0700},
	Doi = {10.1137/1.9781611973808.bm},
	Eprint = {https://epubs.siam.org/doi/pdf/10.1137/1.9781611973808.bm},
	Pages = {137-144},
	Title = {{Back Matter}},
	Url = {https://epubs.siam.org/doi/abs/10.1137/1.9781611973808.bm},
	Year = {2014},
	Bdsk-Url-1 = {https://epubs.siam.org/doi/abs/10.1137/1.9781611973808.bm},
	Bdsk-Url-2 = {https://doi.org/10.1137/1.9781611973808.bm}}

@book{haber2014computational,
	Author = {Haber, Eldad},
	Date-Added = {2020-06-11 14:53:01 -0700},
	Date-Modified = {2020-06-11 14:53:01 -0700},
	Publisher = {SIAM},
	Title = {Computational methods in geophysical electromagnetics},
	Volume = {1},
	Year = {2014}}

@mastersthesis{Granek_2011,
	Author = {Granek, Justin},
	Collection = {Electronic Theses and Dissertations (ETDs) 2008+},
	Date-Added = {2020-06-11 14:53:01 -0700},
	Date-Modified = {2020-06-11 14:53:01 -0700},
	Doi = {http://dx.doi.org/10.14288/1.0053343},
	School = {University of British Columbia},
	Series = {Electronic Theses and Dissertations (ETDs) 2008+},
	Title = {Computing geologically consistent models from geophysical data},
	Url = {https://open.library.ubc.ca/cIRcle/collections/24/items/1.0053343},
	Year = {2011},
	Bdsk-Url-1 = {https://open.library.ubc.ca/cIRcle/collections/24/items/1.0053343},
	Bdsk-Url-2 = {http://dx.doi.org/10.14288/1.0053343}}

@article{Li1994,
	Author = {Yaoguo Li and Douglas W. Oldenburg},
	Date-Added = {2020-06-11 14:53:01 -0700},
	Date-Modified = {2020-06-11 14:53:01 -0700},
	Doi = {10.1111/j.1365-246X.1994.tb03277.x},
	Eprint = {/oup/backfile/content_public/journal/gji/116/3/10.1111/j.1365-246x.1994.tb03277.x/2/116-3-527.pdf},
	Journal = {Geophysical Journal International},
	Number = {3},
	Pages = {527-537},
	Title = {{Inversion of 3-D DC resistivity data using an approximate inverse mapping}},
	Url = {http://dx.doi.org/10.1111/j.1365-246X.1994.tb03277.x},
	Volume = {116},
	Year = {1994},
	Bdsk-Url-1 = {http://dx.doi.org/10.1111/j.1365-246X.1994.tb03277.x}}

@article{OldenburgMilligan1997,
	Author = {Douglas W. Oldenburg and Yaoguo Li and Robert G. Ellis},
	Date-Added = {2020-06-11 14:53:01 -0700},
	Date-Modified = {2020-06-11 14:53:01 -0700},
	Doi = {10.1190/1.1444246},
	Eprint = {https://doi.org/10.1190/1.1444246},
	Journal = {Geophysics},
	Number = {5},
	Pages = {1419-1431},
	Title = {{Inversion of geophysical data over a copper gold porphyry deposit: A case history for Mt. Milligan}},
	Url = {https://doi.org/10.1190/1.1444246},
	Volume = {62},
	Year = {1997},
	Bdsk-Url-1 = {https://doi.org/10.1190/1.1444246}}

@article{Melo2017,
	Author = {Aline Tavares Melo and Jiajia Sun and Yaoguo Li},
	Date-Added = {2020-06-11 14:53:01 -0700},
	Date-Modified = {2020-06-11 14:53:01 -0700},
	Doi = {10.1190/geo2016-0490.1},
	Eprint = {https://doi.org/10.1190/geo2016-0490.1},
	Journal = {Geophysics},
	Number = {5},
	Pages = {K1-K13},
	Title = {{Geophysical inversions applied to 3D geology characterization of an iron oxide copper-gold deposit in Brazil}},
	Url = {https://doi.org/10.1190/geo2016-0490.1},
	Volume = {82},
	Year = {2017},
	Bdsk-Url-1 = {https://doi.org/10.1190/geo2016-0490.1}}

@article{Shamsipour2012,
	Author = {Pejman Shamsipour and Denis Marcotte and Michel Chouteau},
	Date-Added = {2020-06-11 14:53:01 -0700},
	Date-Modified = {2020-06-11 14:53:01 -0700},
	Doi = {https://doi.org/10.1016/j.jappgeo.2011.12.012},
	Issn = {0926-9851},
	Journal = {Journal of Applied Geophysics},
	Keywords = {3D, Joint inversion, Multivariate, Cokriging},
	Pages = {27 - 37},
	Title = {{3D stochastic joint inversion of gravity and magnetic data}},
	Url = {http://www.sciencedirect.com/science/article/pii/S092698511100293X},
	Volume = {79},
	Year = {2012},
	Bdsk-Url-1 = {http://www.sciencedirect.com/science/article/pii/S092698511100293X},
	Bdsk-Url-2 = {https://doi.org/10.1016/j.jappgeo.2011.12.012}}

@article{Gallardo2011,
	Annote = {doi: 10.1029/2010RG000330},
	Author = {Luis A. Gallardo and Max A. Meju},
	Date-Added = {2020-06-11 14:53:01 -0700},
	Date-Modified = {2020-06-11 14:53:01 -0700},
	Doi = {10.1029/2010RG000330},
	Issn = {8755-1209},
	Journal = {Reviews of Geophysics},
	Keywords = {data fusion,hydrological inverse modeling,joint geophysical inversion,multimodal image registration,multiphysics imaging,uncertainty quantification},
	Month = {mar},
	Number = {1},
	Publisher = {Wiley-Blackwell},
	Title = {{Structure-coupled multiphysics imaging in geophysical sciences}},
	Url = {https://doi.org/10.1029/2010RG000330},
	Volume = {49},
	Year = {2011},
	Bdsk-Url-1 = {https://doi.org/10.1029/2010RG000330}}

@article{Grana2017,
	Abstract = {A Bayesian linear inversion methodology based on Gaussian mixture models and its application to geophysical inverse problems are presented in this paper. The proposed inverse method is based on a Bayesian approach under the assumptions of a Gaussian mixture random field for the prior model and a Gaussian linear likelihood function. The model for the latent discrete variable is defined to be a stationary first-order Markov chain. In this approach, a recursive exact solution to an approximation of the posterior distribution of the inverse problem is proposed. A Markov chain Monte Carlo algorithm can be used to efficiently simulate realizations from the correct posterior model. Two inversion studies based on real well log data are presented, and the main results are the posterior distributions of the reservoir properties of interest, the corresponding predictions and prediction intervals, and a set of conditional realizations. The first application is a seismic inversion study for the prediction of lithological facies, P- and S-impedance, where an improvement of 30{\%} in the root-mean-square error of the predictions compared to the traditional Gaussian inversion is obtained. The second application is a rock physics inversion study for the prediction of lithological facies, porosity, and clay volume, where predictions slightly improve compared to the Gaussian inversion approach.},
	Author = {Grana, Dario and Fjeldstad, Torstein and Omre, Henning},
	Date-Added = {2020-06-11 14:53:01 -0700},
	Date-Modified = {2020-06-11 14:53:01 -0700},
	Day = {01},
	Doi = {10.1007/s11004-016-9671-9},
	Issn = {1874-8953},
	Journal = {Mathematical Geosciences},
	Month = {May},
	Number = {4},
	Pages = {493-515},
	Title = {{Bayesian Gaussian Mixture Linear Inversion for Geophysical Inverse Problems}},
	Url = {https://doi.org/10.1007/s11004-016-9671-9},
	Volume = {49},
	Year = {2017},
	Bdsk-Url-1 = {https://doi.org/10.1007/s11004-016-9671-9}}

@article{Bosch2009,
	Author = {Miguel Bosch and Carla Carvajal and Juan Rodrigues and Astrid Torres and Milagrosa Aldana and Jes{\'u}s Sierra},
	Date-Added = {2020-06-11 14:53:01 -0700},
	Date-Modified = {2020-06-11 14:53:01 -0700},
	Doi = {10.1190/1.3043796},
	Eprint = {https://doi.org/10.1190/1.3043796},
	Journal = {Geophysics},
	Number = {2},
	Pages = {O1-O15},
	Title = {{Petrophysical seismic inversion conditioned to well-log data: Methods and application to a gas reservoir}},
	Url = {https://doi.org/10.1190/1.3043796},
	Volume = {74},
	Year = {2009},
	Bdsk-Url-1 = {https://doi.org/10.1190/1.3043796}}

@article{Li2000,
	Author = {Yaoguo Li and Douglas W. Oldenburg},
	Date-Added = {2020-06-11 14:53:01 -0700},
	Date-Modified = {2020-06-11 14:53:01 -0700},
	Doi = {10.1190/1.1444705},
	Eprint = {https://doi.org/10.1190/1.1444705},
	Journal = {Geophysics},
	Number = {1},
	Pages = {148-157},
	Title = {{Incorporating geological dip information into geophysical inversions}},
	Url = {https://doi.org/10.1190/1.1444705},
	Volume = {65},
	Year = {2000},
	Bdsk-Url-1 = {https://doi.org/10.1190/1.1444705}}

@article{Wu2017,
	Author = {Xinming Wu},
	Date-Added = {2020-06-11 14:53:01 -0700},
	Date-Modified = {2020-06-11 14:53:01 -0700},
	Doi = {10.1093/gji/ggx150},
	Eprint = {/oup/backfile/content_public/journal/gji/210/1/10.1093_gji_ggx150/1/ggx150.pdf},
	Journal = {Geophysical Journal International},
	Number = {1},
	Pages = {184-195},
	Title = {{Structure-, stratigraphy- and fault-guided regularization in geophysical inversion}},
	Url = {http://dx.doi.org/10.1093/gji/ggx150},
	Volume = {210},
	Year = {2017},
	Bdsk-Url-1 = {http://dx.doi.org/10.1093/gji/ggx150}}

@article{McMillan2015,
	Author = {Michael S. McMillan and Christoph Schwarzbach and Eldad Haber and Douglas W. Oldenburg},
	Date-Added = {2020-06-11 14:53:01 -0700},
	Date-Modified = {2020-06-11 14:53:01 -0700},
	Doi = {10.1190/geo2015-0141.1},
	Eprint = {https://doi.org/10.1190/geo2015-0141.1},
	Journal = {Geophysics},
	Number = {6},
	Pages = {K25-K36},
	Title = {{3D parametric hybrid inversion of time-domain airborne electromagnetic data}},
	Url = {https://doi.org/10.1190/geo2015-0141.1},
	Volume = {80},
	Year = {2015},
	Bdsk-Url-1 = {https://doi.org/10.1190/geo2015-0141.1}}

@article{Stefano2011,
	Author = {De Stefano, Michele and Golfr{\'e} Andreasi, Federico and Re, Simone and Virgilio, Massimo and Snyder, Fred F.},
	Date-Added = {2020-06-11 14:53:01 -0700},
	Date-Modified = {2020-06-11 14:53:01 -0700},
	Doi = {10.1190/1.3554652},
	Eprint = {https://doi.org/10.1190/1.3554652},
	Journal = {Geophysics},
	Number = {3},
	Pages = {R69-R80},
	Title = {{Multiple-domain, simultaneous joint inversion of geophysical data with application to subsalt imaging}},
	Url = {https://doi.org/10.1190/1.3554652},
	Volume = {76},
	Year = {2011},
	Bdsk-Url-1 = {https://doi.org/10.1190/1.3554652}}

@article{Doetsch2010,
	Author = {Joseph Doetsch and Niklas Linde and Ilaria Coscia and Stewart A. Greenhalgh and Alan G. Green},
	Date-Added = {2020-06-11 14:53:01 -0700},
	Date-Modified = {2020-06-11 14:53:01 -0700},
	Doi = {10.1190/1.3496476},
	Eprint = {https://doi.org/10.1190/1.3496476},
	Journal = {Geophysics},
	Number = {6},
	Pages = {G53-G64},
	Title = {{Zonation for 3D aquifer characterization based on joint inversions of multimethod crosshole geophysical data}},
	Url = {https://doi.org/10.1190/1.3496476},
	Volume = {75},
	Year = {2010},
	Bdsk-Url-1 = {https://doi.org/10.1190/1.3496476}}

@article{Fullagar2008,
	Author = {Peter K. Fullagar and Glenn A. Pears and Bruce McMonnies},
	Date-Added = {2020-06-11 14:53:01 -0700},
	Date-Modified = {2020-06-11 14:53:01 -0700},
	Doi = {10.1190/1.2831686},
	Eprint = {https://doi.org/10.1190/1.2831686},
	Journal = {The Leading Edge},
	Number = {1},
	Pages = {98-105},
	Title = {{Constrained inversion of geologic surfaces--- pushing the boundaries}},
	Url = {https://doi.org/10.1190/1.2831686},
	Volume = {27},
	Year = {2008},
	Bdsk-Url-1 = {https://doi.org/10.1190/1.2831686}}

@article{Afnimar2002,
	Author = {Afnimar, Pagacancang and Koketsu, Kazuki and Nakagawa, Koichi},
	Date-Added = {2020-06-11 14:53:01 -0700},
	Date-Modified = {2020-06-11 14:53:01 -0700},
	Doi = {10.1046/j.1365-246X.2002.01772.x},
	Journal = {Geophysical Journal International},
	Number = {1},
	Pages = {243--254},
	Publisher = {Blackwell Publishing Ltd Oxford, UK},
	Title = {Joint inversion of refraction and gravity data for the three-dimensional topography of a sediment--basement interface},
	Volume = {151},
	Year = {2002},
	Bdsk-Url-1 = {https://doi.org/10.1046/j.1365-246X.2002.01772.x}}

@article{Gallardo2003,
	Author = {Gallardo, Luis A and Meju, Max A},
	Date-Added = {2020-06-11 14:53:01 -0700},
	Date-Modified = {2020-06-11 14:53:01 -0700},
	Doi = {10.1029/2003GL017370},
	Journal = {Geophysical Research Letters},
	Number = {13},
	Publisher = {Wiley Online Library},
	Title = {{Characterization of heterogeneous near-surface materials by joint 2D inversion of dc resistivity and seismic data}},
	Volume = {30},
	Year = {2003},
	Bdsk-Url-1 = {https://doi.org/10.1029/2003GL017370}}

@article{Paasche2007,
	Author = {Hendrik Paasche and Jens Tronicke},
	Date-Added = {2020-06-11 14:53:01 -0700},
	Date-Modified = {2020-06-11 14:53:01 -0700},
	Doi = {10.1190/1.2670341},
	Eprint = {https://doi.org/10.1190/1.2670341},
	Journal = {Geophysics},
	Number = {3},
	Pages = {A35-A39},
	Title = {{Cooperative inversion of 2D geophysical data sets: A zonal approach based on fuzzy c-means cluster analysis}},
	Url = {https://doi.org/10.1190/1.2670341},
	Volume = {72},
	Year = {2007},
	Bdsk-Url-1 = {https://doi.org/10.1190/1.2670341}}

@article{Onizawa2002,
	Abstract = {We have developed a method for three-dimensional simultaneous velocity and density inversion using traveltimes of local earthquakes and gravity data. The purpose of this method is to constrain the velocity inversion and increase the spatial resolution of shallow velocity structures by introducing additional gravity data. The gravity data contributes to the P- and S-wave velocity models by imposing constraints between seismic velocities and density. The constraint curve is constructed so as to fit the data for porous rock samples, and deviations from the curve are taken into account in the inversion. The constraint is imposed at only the first layer, because density structure is well resolved at shallower parts and it is difficult to determine uniquely at greater depths. Synthetic inversion tests indicate that gravity data can improve the resolution of the velocity models for this layer. The method is applied to investigate the subsurface structure of Izu-Oshima volcano, Japan and velocity structures with high spatial resolution are obtained. The additional gravity data contribute primarily to improvement of the S-wave velocity model. At 0.25 km depth, a high velocity anomaly due to caldera-filling lava flows is observed. At 1.25 and 2.5 km depths, high velocity intrusive bodies are detected. A NW-SE trending high velocity belt at 1.25 km depth is interpreted as being caused by repeated intrusion of dikes.},
	Author = {Onizawa, Shin'ya and Mikada, Hitoshi and Watanabe, Hidefumi and Sakashita, Shikou},
	Date-Added = {2020-06-11 14:53:01 -0700},
	Date-Modified = {2020-06-11 14:53:01 -0700},
	Day = {01},
	Doi = {10.1186/BF03352074},
	Issn = {1880-5981},
	Journal = {Earth, Planets and Space},
	Month = {Aug},
	Number = {8},
	Pages = {803--817},
	Title = {{A method for simultaneous velocity and density inversion and its application to exploration of subsurface structure beneath Izu-Oshima volcano, Japan}},
	Url = {https://doi.org/10.1186/BF03352074},
	Volume = {54},
	Year = {2002},
	Bdsk-Url-1 = {https://doi.org/10.1186/BF03352074}}

@article{Haber1997,
	Abstract = {We develop a methodology to invert two different data sets with the assumption that the underlying models have a common structure. Structure is defined in terms of absolute value of curvature of the model and two models are said to have common structure if the changes occur at the same physical locations. The joint inversion is solved by defining an objective function which quantifies the difference in structure between two models, and then minimizing this objective function subject to satisfying the data constraints. The problem is nonlinear and is solved iteratively using Krylov space techniques. Testing the algorithm on synthetic data sets shows that the joint inversion is superior to individual inversions. In an application to field data we show that the data sets are consistent with models that are quite similar.},
	Author = {E Haber and D Oldenburg},
	Date-Added = {2020-06-11 14:53:01 -0700},
	Date-Modified = {2020-06-11 14:53:01 -0700},
	Doi = {10.1088/0266-5611/13/1/006},
	Journal = {Inverse Problems},
	Number = {1},
	Pages = {63},
	Title = {Joint inversion: a structural approach},
	Url = {http://stacks.iop.org/0266-5611/13/i=1/a=006},
	Volume = {13},
	Year = {1997},
	Bdsk-Url-1 = {http://stacks.iop.org/0266-5611/13/i=1/a=006},
	Bdsk-Url-2 = {https://doi.org/10.1088/0266-5611/13/1/006}}

@article{Kamm2015,
	Author = {Jochen Kamm and Ildik{\'o} Antal Lundin and Mehrdad Bastani and Martiya Sadeghi and Laust B. Pedersen},
	Date-Added = {2020-06-11 14:53:01 -0700},
	Date-Modified = {2020-06-11 14:53:01 -0700},
	Doi = {10.1190/geo2014-0122.1},
	Eprint = {https://doi.org/10.1190/geo2014-0122.1},
	Journal = {Geophysics},
	Number = {5},
	Pages = {B131-B152},
	Title = {{Joint inversion of gravity, magnetic, and petrophysical data --- A case study from a gabbro intrusion in Boden, Sweden}},
	Url = {https://doi.org/10.1190/geo2014-0122.1},
	Volume = {80},
	Year = {2015},
	Bdsk-Url-1 = {https://doi.org/10.1190/geo2014-0122.1}}

@article{Lochbuhler2015,
	Author = {Lochb{\"u}hler, Tobias and Vrugt, Jasper A. and Sadegh, Mojtaba and Linde, Niklas},
	Date-Added = {2020-06-11 14:53:01 -0700},
	Date-Modified = {2020-06-11 14:53:01 -0700},
	Doi = {10.1093/gji/ggv008},
	Eprint = {/oup/backfile/content_public/journal/gji/201/1/10.1093/gji/ggv008/2/ggv008.pdf},
	Journal = {Geophysical Journal International},
	Number = {1},
	Pages = {157-171},
	Title = {{Summary statistics from training images as prior information in probabilistic inversion}},
	Url = {http://dx.doi.org/10.1093/gji/ggv008},
	Volume = {201},
	Year = {2015},
	Bdsk-Url-1 = {http://dx.doi.org/10.1093/gji/ggv008}}

@article{Jegen2009,
	Author = {Jegen, Marion D and Hobbs, Richard W and Tarits, Pascal and Chave, Alan},
	Date-Added = {2020-06-11 14:53:01 -0700},
	Date-Modified = {2020-06-11 14:53:01 -0700},
	Doi = {10.1016/j.epsl.2009.02.018},
	Journal = {Earth and Planetary Science Letters},
	Number = {1-4},
	Pages = {47--55},
	Publisher = {Elsevier},
	Title = {{Joint inversion of marine magnetotelluric and gravity data incorporating seismic constraints: Preliminary results of sub-basalt imaging off the Faroe Shelf}},
	Volume = {282},
	Year = {2009},
	Bdsk-Url-1 = {https://doi.org/10.1016/j.epsl.2009.02.018}}

@article{Linde2015,
	Author = {Niklas Linde and Philippe Renard and Tapan Mukerji and Jef Caers},
	Date-Added = {2020-06-11 14:53:01 -0700},
	Date-Modified = {2020-06-11 14:53:01 -0700},
	Doi = {https://doi.org/10.1016/j.advwatres.2015.09.019},
	Issn = {0309-1708},
	Journal = {Advances in Water Resources},
	Keywords = {Geostatistics, Inverse problems, Hydrogeology, Geophysics, Hydrogeophysics, Markov chain Monte Carlo},
	Pages = {86 - 101},
	Title = {Geological realism in hydrogeological and geophysical inverse modeling: A review},
	Url = {http://www.sciencedirect.com/science/article/pii/S0309170815002262},
	Volume = {86},
	Year = {2015},
	Bdsk-Url-1 = {http://www.sciencedirect.com/science/article/pii/S0309170815002262},
	Bdsk-Url-2 = {https://doi.org/10.1016/j.advwatres.2015.09.019}}

@article{Lelievre2012,
	Author = {Peter G. Leli{\`e}vre and Colin G. Farquharson and Charles A. Hurich},
	Date-Added = {2020-06-11 14:53:01 -0700},
	Date-Modified = {2020-06-11 14:53:01 -0700},
	Doi = {10.1190/geo2011-0154.1},
	Eprint = {https://doi.org/10.1190/geo2011-0154.1},
	Journal = {Geophysics},
	Number = {1},
	Pages = {K1-K15},
	Title = {{Joint inversion of seismic traveltimes and gravity data on unstructured grids with application to mineral exploration}},
	Url = {https://doi.org/10.1190/geo2011-0154.1},
	Volume = {77},
	Year = {2012},
	Bdsk-Url-1 = {https://doi.org/10.1190/geo2011-0154.1}}

@phdthesis{Williams_2008,
	Author = {Williams, Nicholas Cory},
	Collection = {Electronic Theses and Dissertations (ETDs) 2008+},
	Date-Added = {2020-06-11 14:53:01 -0700},
	Date-Modified = {2020-06-11 14:53:01 -0700},
	Doi = {http://dx.doi.org/10.14288/1.0052390},
	School = {University of British Columbia},
	Series = {Electronic Theses and Dissertations (ETDs) 2008+},
	Title = {Geologically-constrained UBC-GIF gravity and magnetic inversions with examples from the Agnew-Wiluna greenstone belt, Western Australia},
	Url = {https://open.library.ubc.ca/cIRcle/collections/24/items/1.0052390},
	Year = {2008},
	Bdsk-Url-1 = {https://open.library.ubc.ca/cIRcle/collections/24/items/1.0052390},
	Bdsk-Url-2 = {http://dx.doi.org/10.14288/1.0052390}}

@article{Lelievre2009,
	Author = {Leli{\`e}vre, Peter G. and Oldenburg, Douglas W. and Williams, Nicholas C.},
	Date-Added = {2020-06-11 14:53:01 -0700},
	Date-Modified = {2020-06-11 14:53:01 -0700},
	Doi = {10.1071/EG09012},
	Isbn = {0812-3985},
	Issn = {08123985},
	Journal = {Exploration Geophysics},
	Keywords = {Cooperative inversion,Geological constraints,Geophysical inversion,Mineral exploration.},
	Number = {4},
	Pages = {334--341},
	Title = {{Integrating geological and geophysical data through advanced constrained inversions}},
	Volume = {40},
	Year = {2009},
	Bdsk-Url-1 = {https://doi.org/10.1071/EG09012}}

@book{doi:10.1190/1.9781560801719,
	Author = {Butler, D.},
	Date-Added = {2020-06-11 14:53:01 -0700},
	Date-Modified = {2020-06-11 14:53:01 -0700},
	Doi = {10.1190/1.9781560801719},
	Editor = {Dwain K. Butler},
	Eprint = {https://library.seg.org/doi/pdf/10.1190/1.9781560801719},
	Publisher = {Society of Exploration Geophysicists},
	Title = {{Near-Surface Geophysics}},
	Url = {https://library.seg.org/doi/abs/10.1190/1.9781560801719},
	Year = {2005},
	Bdsk-Url-1 = {https://library.seg.org/doi/abs/10.1190/1.9781560801719},
	Bdsk-Url-2 = {https://doi.org/10.1190/1.9781560801719}}

@inproceedings{Li2001,
	Author = {Yaoguo Li},
	Booktitle = {{SEG Technical Program Expanded Abstracts 2001}},
	Date-Added = {2020-06-11 14:53:01 -0700},
	Date-Modified = {2020-06-11 14:53:01 -0700},
	Doi = {10.1190/1.1816383},
	Eprint = {https://library.seg.org/doi/pdf/10.1190/1.1816383},
	Pages = {1470-1473},
	Title = {{3‚ÄêD inversion of gravity gradiometer data}},
	Url = {https://library.seg.org/doi/abs/10.1190/1.1816383},
	Year = {2005},
	Bdsk-Url-1 = {https://library.seg.org/doi/abs/10.1190/1.1816383},
	Bdsk-Url-2 = {https://doi.org/10.1190/1.1816383}}

@unpublished{AsticJoint,
	Archiveprefix = {arXiv},
	Author = {Thibaut Astic and Lindsey J. Heagy and Douglas W. Oldenburg},
	Date-Added = {2020-06-11 14:53:01 -0700},
	Date-Modified = {2020-06-11 14:53:01 -0700},
	Eprint = {2002.09515},
	Note = {submitted to Geophysical Journal International},
	Primaryclass = {physics.geo-ph},
	Title = {{Petrophysically and geologically guided multi-physics inversion using a dynamic Gaussian mixture model}},
	Year = {2020}}

@incollection{Tutorial,
	Author = {Douglas W. Oldenburg and Yaoguo Li},
	Booktitle = {{Near-Surface Geophysics}},
	Chapter = {5},
	Date-Added = {2020-06-11 14:53:01 -0700},
	Date-Modified = {2020-06-11 14:53:01 -0700},
	Doi = {10.1190/1.9781560801719.ch5},
	Editor = {Dwain K. Butler},
	Eprint = {https://library.seg.org/doi/pdf/10.1190/1.9781560801719.ch5},
	Pages = {89-150},
	Publisher = {Society of Exploration Geophysicists},
	Title = {{Inversion for Applied Geophysics: A Tutorial}},
	Url = {https://library.seg.org/doi/abs/10.1190/1.9781560801719.ch5},
	Year = {2005},
	Bdsk-Url-1 = {https://library.seg.org/doi/abs/10.1190/1.9781560801719.ch5},
	Bdsk-Url-2 = {https://doi.org/10.1190/1.9781560801719.ch5}}

@book{Tarantola,
	Author = {Tarantola, A.},
	Date-Added = {2020-06-11 14:53:01 -0700},
	Date-Modified = {2020-06-11 14:53:01 -0700},
	Doi = {10.1137/1.9780898717921},
	Eprint = {https://epubs.siam.org/doi/pdf/10.1137/1.9780898717921},
	Publisher = {siam},
	Title = {{Inverse Problem Theory and Methods for Model Parameter Estimation}},
	Url = {https://epubs.siam.org/doi/abs/10.1137/1.9780898717921},
	Volume = {89},
	Year = {2005},
	Bdsk-Url-1 = {https://epubs.siam.org/doi/abs/10.1137/1.9780898717921},
	Bdsk-Url-2 = {https://doi.org/10.1137/1.9780898717921}}

@article{heagy2017framework,
	Author = {Heagy, Lindsey J and Cockett, Rowan and Kang, Seogi and Rosenkjaer, Gudni K and Oldenburg, Douglas W},
	Date-Added = {2020-06-11 14:53:01 -0700},
	Date-Modified = {2020-06-11 14:53:01 -0700},
	Journal = {Computers \& Geosciences},
	Pages = {1--19},
	Publisher = {Elsevier},
	Title = {A framework for simulation and inversion in electromagnetics},
	Volume = {107},
	Year = {2017}}

@article{Li1996,
	Author = {Yaoguo Li and Douglas W. Oldenburg},
	Date-Added = {2020-06-11 14:53:01 -0700},
	Date-Modified = {2020-06-11 14:53:01 -0700},
	Doi = {10.1190/1.1443968},
	Isbn = {0016-8033},
	Issn = {1070485X},
	Journal = {Geophysics},
	Keywords = {anomalies,magnetic},
	Language = {English},
	Number = {2},
	Pages = {394--408},
	Title = {{3-D inversion of magnetic data}},
	Volume = {61},
	Year = {1996},
	Bdsk-Url-1 = {https://doi.org/10.1190/1.1443968}}

@article{Li1998,
	Author = {Yaoguo Li and Douglas W. Oldenburg},
	Date-Added = {2020-06-11 14:53:01 -0700},
	Date-Modified = {2020-06-11 14:53:01 -0700},
	Doi = {10.1190/1.1444302},
	Eprint = {https://doi.org/10.1190/1.1444302},
	Journal = {Geophysics},
	Number = {1},
	Pages = {109-119},
	Title = {{3-D inversion of gravity data}},
	Url = {https://doi.org/10.1190/1.1444302},
	Volume = {63},
	Year = {1998},
	Bdsk-Url-1 = {https://doi.org/10.1190/1.1444302}}

@article{Portniaguine2002,
	Author = {Oleg Portniaguine and Michael S. Zhdanov},
	Date-Added = {2020-06-11 14:53:01 -0700},
	Date-Modified = {2020-06-11 14:53:01 -0700},
	Doi = {10.1190/1.1512749},
	Eprint = {https://doi.org/10.1190/1.1512749},
	Journal = {Geophysics},
	Number = {5},
	Pages = {1532-1541},
	Title = {{3‚ÄêD magnetic inversion with data compression and image focusing}},
	Url = {https://doi.org/10.1190/1.1512749},
	Volume = {67},
	Year = {2002},
	Bdsk-Url-1 = {https://doi.org/10.1190/1.1512749}}

@article{Cockett2015,
	Author = {Cockett, Rowan and Kang, Seogi and Heagy, Lindsey J. and Pidlisecky, Adam and Oldenburg, Douglas W.},
	Date-Added = {2020-06-11 14:53:01 -0700},
	Date-Modified = {2020-06-11 14:53:01 -0700},
	Doi = {10.1016/j.cageo.2015.09.015},
	File = {:C$\backslash$:/Users/Thibaut Astic/Dropbox/PhD{\_}UBC/Documentation/OpenSources/SimPEG{\_}paper.pdf:pdf},
	Issn = {00983004},
	Journal = {Computers and Geosciences},
	Keywords = {Electromagnetics,Geophysics,Inversion,Numerical modeling,Object-oriented programming,Sensitivities},
	Pages = {142--154},
	Publisher = {Elsevier},
	Title = {{SimPEG: An open source framework for simulation and gradient based parameter estimation in geophysical applications}},
	Url = {http://dx.doi.org/10.1016/j.cageo.2015.09.015},
	Volume = {85},
	Year = {2015},
	Bdsk-Url-1 = {http://dx.doi.org/10.1016/j.cageo.2015.09.015}}

@article{Ju2012,
	Author = {Ju, Zhaojie and Liu, Honghai},
	Date-Added = {2020-06-11 14:53:01 -0700},
	Date-Modified = {2020-06-11 14:53:01 -0700},
	Doi = {10.1016/j.patcog.2011.08.028},
	File = {:C$\backslash$:/Users/Thibaut Astic/Dropbox/PhD{\_}UBC/Documentation/MachineLearning/MixtureModel/Fuzzy{\_}GMM.pdf:pdf},
	Isbn = {00313203},
	Issn = {00313203},
	Journal = {Pattern Recognition},
	Keywords = {EM algorithm,Fuzzy C-means,Fuzzy Gaussian Mixture Models,Gaussian Mixture Models},
	Number = {3},
	Pages = {1146--1158},
	Publisher = {Elsevier},
	Title = {{Fuzzy Gaussian mixture models}},
	Url = {http://dx.doi.org/10.1016/j.patcog.2011.08.028},
	Volume = {45},
	Year = {2012},
	Bdsk-Url-1 = {http://dx.doi.org/10.1016/j.patcog.2011.08.028}}

@article{Sun2011,
	Author = {Sun, Jiajia and Li, Yaoguo},
	Date-Added = {2020-06-11 14:53:01 -0700},
	Date-Modified = {2020-06-11 14:53:01 -0700},
	File = {:C$\backslash$:/Users/Thibaut Astic/AppData/Local/Mendeley Ltd./Mendeley Desktop/Downloaded/Sun, Li - 2011 - Geophysical inversion using petrophysical constraints with application to lithology differentiation SEG San Antonio 201.pdf:pdf},
	Keywords = {crosswell, gravity, inversion, lithology, tomograp},
	Pages = {2644--2648},
	Title = {{Geophysical inversion using petrophysical constraints with application to lithology differentiation SEG San Antonio 2011 Annual Meeting SEG San Antonio 2011 Annual Meeting}},
	Year = {2011}}

@article{Sun2012,
	Author = {Sun, Jiajia and Li, Yaoguo and Studies, Magnetic},
	Date-Added = {2020-06-11 14:53:01 -0700},
	Date-Modified = {2020-06-11 14:53:01 -0700},
	File = {:C$\backslash$:/Users/Thibaut Astic/AppData/Local/Mendeley Ltd./Mendeley Desktop/Downloaded/Sun, Li, Studies - 2012 - Joint inversion of multiple geophysical data A petrophysical approach using guided fuzzy c-means clustering S.pdf:pdf},
	Keywords = {crosswell, inversion, lithology, seismic, travelti},
	Number = {4},
	Pages = {1--5},
	Title = {{Joint inversion of multiple geophysical data : A petrophysical approach using guided fuzzy c-means clustering SEG Las Vegas 2012 Annual Meeting SEG Las Vegas 2012 Annual Meeting}},
	Year = {2012}}

@article{Sun2016,
	Author = {Jiajia Sun and Yaoguo Li},
	Date-Added = {2020-06-11 14:53:01 -0700},
	Date-Modified = {2020-06-11 14:53:01 -0700},
	Doi = {10.1190/geo2015-0457.1},
	Journal = {Geophysics},
	Number = {3},
	Pages = {ID37-ID57},
	Title = {{Joint inversion of multiple geophysical data using guided fuzzy c-means clustering}},
	Url = {https://doi.org/10.1190/geo2015-0457.1 eprint = {https://doi.org/10.1190/geo2015-0457.1}},
	Volume = {81},
	Year = {2016},
	Bdsk-Url-1 = {https://doi.org/10.1190/geo2015-0457.1%20eprint%20=%20%7Bhttps://doi.org/10.1190/geo2015-0457.1%7D},
	Bdsk-Url-2 = {https://doi.org/10.1190/geo2015-0457.1}}

@article{Sun2017,
	Author = {Sun, Jiajia and Li, Yaoguo},
	Date-Added = {2020-06-11 14:53:01 -0700},
	Date-Modified = {2020-06-11 14:53:01 -0700},
	Doi = {10.1093/gji/ggw442},
	File = {:C$\backslash$:/Users/Thibaut Astic/Dropbox/PhD{\_}UBC/Documentation/PetrophysicallyConstrained/ggw442.pdf:pdf},
	Issn = {1365246X},
	Journal = {Geophysical Journal International},
	Keywords = {Inverse theory,Joint inversion,Neural networks, fuzzy logic,Persistence, memory, correlations, clustering,Tomography},
	Number = {2},
	Pages = {1201--1216},
	Title = {{Joint inversion of multiple geophysical and petrophysical data using generalized fuzzy clustering algorithms}},
	Volume = {208},
	Year = {2017},
	Bdsk-Url-1 = {https://doi.org/10.1093/gji/ggw442}}

@article{Sun2015,
	Author = {Sun, Jiajia and Li, Yaoguo},
	Date-Added = {2020-06-11 14:53:01 -0700},
	Date-Modified = {2020-06-11 14:53:01 -0700},
	Doi = {10.1190/geo2014-0049.1},
	Eprint = {/gsw/content_public/journal/geophysics/80/4/10.1190_geo2014-0049.1/2/geo2014-0049.pdf},
	Journal = {Geophysics},
	Number = {4},
	Pages = {ID1},
	Title = {{Multidomain petrophysically constrained inversion and geology differentiation using guided fuzzy c-means clustering}},
	Url = {http://dx.doi.org/10.1190/geo2014-0049.1},
	Volume = {80},
	Year = {2015},
	Bdsk-Url-1 = {http://dx.doi.org/10.1190/geo2014-0049.1}}

@book{Murphy2012,
	Author = {Murphy, Kevin P.},
	Date-Added = {2020-06-11 14:53:01 -0700},
	Date-Modified = {2020-06-11 14:53:01 -0700},
	Isbn = {0262018020, 9780262018029},
	Publisher = {The MIT Press},
	Title = {Machine Learning: A Probabilistic Perspective},
	Year = {2012}}

@article{Giraud2016,
	Author = {Giraud, J{\'{e}}r{\'{e}}mie and Lindsay, Mark and Martin, Roland},
	Date-Added = {2020-06-11 14:53:01 -0700},
	Date-Modified = {2020-06-11 14:53:01 -0700},
	File = {:C$\backslash$:/Users/Thibaut Astic/Dropbox/PhD{\_}UBC/Documentation/TO{\_}READ{\_}24102017/segam2016-13945549.1.pdf:pdf},
	Keywords = {[Electronic Manuscript],geoscience integration,joint inversion,petrophysical constraints,prior information,uncertainty},
	Number = {1},
	Pages = {800--805},
	Title = {{Geophysical joint inversion using statistical petrophysical constraints and prior information}},
	Year = {2016}}

@article{Giraud2017,
	Author = {Giraud, J{\'{a}}r{\'{a}}mie and Pakyuz-Charrier, Evren and Jessell, Mark and Lindsay, Mark and Martin, Roland and Ogarko, Vitaliy},
	Date-Added = {2020-06-11 14:53:01 -0700},
	Date-Modified = {2020-06-11 14:53:01 -0700},
	Doi = {10.1190/geo2016-0615.1},
	File = {:C$\backslash$:/Users/Thibaut Astic/Dropbox/PhD{\_}UBC/Documentation/TO{\_}READ{\_}24102017/geo2016-0615.1.pdf:pdf},
	Issn = {0016-8033},
	Journal = {Geophysics},
	Number = {6},
	Pages = {1--16},
	Title = {{Uncertainty reduction in joint inversion using geologically conditioned petrophysical constraints}},
	Url = {http://library.seg.org/doi/10.1190/geo2016-0615.1},
	Volume = {82},
	Year = {2017},
	Bdsk-Url-1 = {http://library.seg.org/doi/10.1190/geo2016-0615.1},
	Bdsk-Url-2 = {https://doi.org/10.1190/geo2016-0615.1}}

@article{Grana2010,
	Author = {Grana, Dario and {Della Rossa}, Ernesto},
	Date-Added = {2020-06-11 14:53:01 -0700},
	Date-Modified = {2020-06-11 14:53:01 -0700},
	Doi = {10.1190/1.3386676},
	File = {:C$\backslash$:/Users/Thibaut Astic/Dropbox/PhD{\_}UBC/Documentation/PetrophysicallyConstrained/GP{\_}GranaDellaRossa.pdf:pdf},
	Isbn = {00168033},
	Issn = {00168033},
	Journal = {Geophysics},
	Number = {3},
	Pages = {O21},
	Title = {{Probabilistic petrophysical-properties estimation integrating statistical rock physics with seismic inversion}},
	Volume = {75},
	Year = {2010},
	Bdsk-Url-1 = {https://doi.org/10.1190/1.3386676}}

@article{SeogiJointEM,
	Author = {Douglas W. Oldenburg and Lindsey J. Heagy and Seogi Kang and Rowan Cockett},
	Date-Added = {2020-06-11 14:53:01 -0700},
	Date-Modified = {2020-06-11 14:53:01 -0700},
	Doi = {10.1080/08123985.2019.1580118},
	Eprint = {https://doi.org/10.1080/08123985.2019.1580118},
	Journal = {Exploration Geophysics},
	Number = {0},
	Pages = {1-13},
	Publisher = {Taylor \& Francis},
	Title = {{3D electromagnetic modelling and inversion: a case for open source}},
	Url = {https://doi.org/10.1080/08123985.2019.1580118},
	Volume = {0},
	Year = {2019},
	Bdsk-Url-1 = {https://doi.org/10.1080/08123985.2019.1580118}}

@article{ExpectationMaximization,
	Annote = {With discussion},
	Author = {Dempster, A P and Laird, N M and Rubin, D B},
	Date-Added = {2020-06-11 14:53:01 -0700},
	Date-Modified = {2020-06-11 14:53:01 -0700},
	Issn = {0035-9246},
	Journal = {Journal of the Royal Statistical Society, series B},
	Number = {1},
	Pages = {1--38},
	Title = {{Maximum likelihood from incomplete data via the EM algorithm}},
	Url = {http://links.jstor.org/sici?sici=0035-9246(1977)39:1{\%}3C1:MLFIDV{\%}3E2.0.CO;2-Z{\&}origin=MSN},
	Volume = {39},
	Year = {1977}}

@book{tikhonov1977solutions,
	Address = {Washington, D.C.: John Wiley \& Sons, New York},
	Author = {Tikhonov, Andrey N. and Arsenin, Vasiliy Y.},
	Biburl = {https://www.bibsonomy.org/bibtex/2940dd9e8193fd295da5911df36c24851/peter.ralph},
	Date-Added = {2020-06-11 14:53:01 -0700},
	Date-Modified = {2020-06-11 14:53:01 -0700},
	Description = {MR: Publications results for "MR Number=(455365)"},
	Interhash = {9aacc055724bc6d774982fca78c5d2d9},
	Intrahash = {940dd9e8193fd295da5911df36c24851},
	Keywords = {Laplace_inversion inverse_problems laplace_transform},
	Mrclass = {65J05 (65R05 65NXX)},
	Mrnumber = {0455365 (56 \#13604)},
	Mrreviewer = {M. Z. Nashed},
	Note = {Translated from the Russian, Preface by translation editor Fritz John, Scripta Series in Mathematics},
	Pages = {xiii+258},
	Publisher = {V. H. Winston \& Sons},
	Timestamp = {2012-03-23T20:17:13.000+0100},
	Title = {Solutions of ill-posed problems},
	Year = 1977}
